3076 5086
731 383 952 452 Andrecryplrie.

443 553 640 619 xxxix.
680 551 1050 639 enumeryprue
1073 553 1117 618 u.
1139 556 1180 618 aa
1201 553 1240 618 a.

344 671 572 748 Notcrcclada')
597 677 697 752 Tcylor·
716 675 785 748 Hep.
804 685 917 729 artarer.
943 674 973 727 ist
992 673 1076 730 hed.
1094 676 1191 729 Journ.
1216 677 1251 746 os
1263 675 1322 730 iet.
1354 683 1444 731 1841.

267 779 298 832 p.
320 765 382 818 478.
418 764 661 836 langermanniae
680 782 755 836 spec.
776 765 812 818 N.
831 764 865 818 ai
885 763 920 819 Ε.
939 773 963 818 et
982 763 1071 818 Mursa

344 871 539 930 Perianthium
551 874 579 929 in
589 873 679 929 caulis
692 872 804 942 lastigie
817 872 1085 941 iolieceo-expansc
1105 871 1200 928 bilcbc
1219 889 1235 926 e
1254 879 1372 928 costae
1388 890 1444 928 seu

271 958 360 1014 caulis
380 964 461 1033 apice
480 965 568 1020 libero
589 961 803 1033 bi-quadrilobo
822 968 966 1018 constans·
994 962 1104 1018 Pistilla
1116 962 1264 1031 deoperta,
1281 961 1445 1025 solitaria.

271 1049 299 1104 ic
324 1052 415 1107 caulis
439 1053 524 1108 dorso
549 1068 636 1108 uuum
660 1060 724 1122 post
748 1053 866 1106 alterum
892 1051 962 1116 sita,
994 1051 1088 1122 spatio
1111 1051 1252 1114 discreta,
1274 1053 1445 1105 anteriora

271 1139 456 1206 probabiliter
479 1142 601 1206 sterilia,
629 1141 775 1196 terminale
799 1147 911 1194 tautum
936 1140 1038 1196 fertile.
1081 1141 1207 1210 capsula
1232 1140 1444 1208 subglnbosa.

271 1244 361 1298 nsque
386 1231 422 1285 ad
449 1232 531 1286 basin
555 1230 749 1302 quadrivalvis
775 1235 825 1282 aut
849 1229 1039 1308 irregulariter
1063 1230 1250 1298 disrumpens.
1288 1230 1444 1286 Blateres

271 1315 381 1385 breves,
400 1319 541 1389 spiraliter
560 1321 689 1376 ccutcrti.
726 1319 869 1374 Aetherea
888 1318 979 1374 caulis
992 1320 1076 1374 durau
1091 1318 1240 1374 immersae
1254 1319 1444 1392 ibidemque

271 1406 479 1464 tuberculcrum
500 1411 588 1464 icrma
612 1409 810 1480 prominentes.

342 1495 447 1554 caules
466 1508 543 1554 arcte
563 1510 704 1567 repentes,
723 1505 848 1552 eventre
861 1497 1022 1562 rudiculum
1039 1496 1135 1559 relidi,
1155 1497 1287 1550 iurcatim
1302 1503 1442 1564 ramosi,

271 1582 362 1639 ioliosi
381 1588 435 1653 vel,
456 1589 479 1642 si
499 1587 607 1652 mavis,
631 1588 745 1642 ircudes
765 1587 801 1642 ad
820 1594 928 1642 costam
947 1602 1036 1658 usque
1055 1585 1300 1654 pinnatipartitae.
1345 1587 1440 1642 Folia

271 1671 334 1736 (sen
347 1673 479 1746 laciniae)
495 1679 552 1731 iata
565 1677 626 1729 basi
638 1675 748 1730 sessilis
763 1683 792 1731 ct
805 1674 992 1738 decurrentia,
1011 1675 1089 1740 laxa,
1100 1675 1204 1738 mollia,
1224 1673 1439 1744 integerrima.

344 1763 442 1819 Genus
469 1765 705 1822 Fosscurbrouise
735 1765 911 1834 proximum,
951 1763 1044 1818 ditiert
1076 1761 1227 1832 perlaetlrii
1263 1770 1439 1826 structura,

272 1850 396 1906 aetheris
421 1861 452 1908 ut
477 1855 506 1909 in
528 1854 619 1912 Pallia
644 1854 797 1920 immersis,
820 1855 866 1908 cui
892 1861 921 1907 et
945 1853 1079 1922 capsulae
1104 1851 1193 1920 figura
1217 1859 1246 1905 et
1269 1853 1439 1922 longitudo

272 1939 423 2006 pedunculi
444 1945 623 2014 respondent.
675 2007 677 2012 y

343 2025 460 2097 Species
484 2034 521 2104 (si
541 2051 607 2088 vere
626 2033 768 2104 diversae)
793 2033 867 2087 duae
888 2031 916 2086 in
937 2027 1066 2090 America
1084 2029 1194 2099 tropica
1212 2029 1373 2103 (Brasilia)
1404 2043 1436 2090 et

273 2114 390 2174 ulterius
409 2131 535 2178 austrum
555 2141 654 2180 versus
673 2124 708 2178 ad
721 2122 947 2177 Promontoriuni
963 2121 1053 2185 Horu,
1072 2118 1100 2172 in
1123 2117 1297 2188 Kerguelens
1318 2123 1433 2179 insuia

270 2211 299 2257 et
318 2207 347 2261 in
367 2209 472 2269 Insulis
492 2213 632 2268 Falklacd
651 2219 817 2295 crescentes.

420 2341 442 2389 t.
480 2338 784 2409 Audrnmmrirta
798 2336 1113 2407 peremptorium
1132 2333 1168 2387 N.
1189 2334 1225 2386 ab
1246 2335 1278 2387 Ε.

343 2441 379 2494 Α.
393 2440 474 2513 fhliir
491 2443 764 2500 ecclc-subruendis.

414 2533 616 2602 iringermrmnia
639 2534 840 2602 per-plsprorlriza
861 2531 897 2585 N.
907 2530 985 2585 aba
1004 2533 1032 2585 iu
1051 2529 1139 2586 Meri.
1158 2527 1235 2584 Flos.
1255 2527 1339 2581 Brut.
1359 2529 1386 2582 1.
1402 2535 1426 2583 Ι.
1520 2545 1521 2554 ³

482 2641 508 2694 p.
529 2627 592 2677 343.
613 2643 639 2676 a.
658 2627 703 2678 2l.
729 2620 840 2692 (piretu
859 2621 1020 2692 ereswliue)
1056 2620 1144 2674 Meet.
1170 2619 1198 2673 ie
1222 2618 1295 2670 Ans.
1320 2617 1367 2672 dre
1386 2638 1425 2674 er.

476 2723 531 2766 iret.
544 2715 620 2766 1839.
628 2709 707 2764 Juill.
714 2729 743 2781 p.
754 2711 885 2765 casua.
893 2719 912 2766 t.
924 2709 946 2762 l.
952 2710 977 2778 f.
990 2715 1012 2766 Ι.
1032 2709 1235 2764 Gemeieleua.
1246 2707 1314 2778 [rep.
1323 2709 1424 2764 iaedit.

343 2817 450 2872 Crescit
477 2821 512 2873 ad
538 2827 640 2872 terram
665 2819 695 2870 iu
717 2815 853 2872 Brasiliat
882 2818 911 2872 iu
932 2817 1016 2870 Serra
1039 2815 1078 2870 de
1097 2813 1225 2872 Pledade
1245 2813 1424 2894 Provinciae

271 2905 412 2962 Minarum
433 2907 613 2963 Generalium
633 2907 800 2974 (Martiuslr
820 2905 883 2961 alliu
902 2906 930 2960 in
949 2905 1079 2976 pertibus
1099 2903 1240 2958 Braeiliae
1257 2902 1326 2971 legit
1340 2903 1422 2972 Aug.

270 2995 306 3048 de
327 2997 409 3050 Salnt
428 2997 539 3052 Hilaire
558 2997 629 3061 (Hb.
652 2997 690 3050 Μ.
711 3003 739 3049 et
760 2996 817 3064 Ν.).

342 3084 433 3138 Oculis
452 3086 582 3155 simplex,
603 3085 723 3139 subinde
735 3101 753 3138 c
766 3085 869 3152 pagina
890 3082 1019 3138 inferiore
1039 3079 1148 3136 tutione
1159 3079 1283 3149 proluar,
1301 3081 1421 3137 flexuo-

270 3185 337 3236 sus,
361 3173 504 3230 virescens
535 3188 795 3244 purpuramento,
823 3173 894 3227 satis
917 3173 1029 3236 firmes,
1050 3175 1067 3237 i
1085 3199 1100 3214 -
1122 3174 1135 3224 l
1156 3169 1287 3238 pollicem
1304 3171 1422 3240 longus.

271 3261 425 3318 tucioribus
444 3264 548 3318 additis
567 3263 640 3318 toliis
659 3269 677 3317 2
697 3264 759 3326 liu..
779 3263 934 3316 minoribus
956 3265 967 3313 l
990 3261 1038 3314 lin.
1059 3260 1149 3323 latur,
1167 3263 1342 3326 prostratur,
1361 3260 1420 3315 de·
1525 3325 1526 3328 Ἴ

271 3365 393 3417 pressus,
412 3354 502 3419 latus,
524 3356 706 3408 succulentus
724 3359 753 3407 et
773 3367 809 3406 ex
828 3351 904 3405 omui
924 3351 1011 3404 latere
1028 3347 1148 3402 ventrali
1167 3345 1302 3402 radiculis
1319 3348 1424 3404 multis

272 3437 361 3506 longis
376 3441 511 3498 flexuosis
531 3443 603 3497 lacte
622 3443 773 3512 purpureis
793 3455 903 3511 repens.
942 3438 1018 3492 Folia
1030 3437 1160 3501 disticha,
1177 3452 1279 3504 parem
1290 3437 1423 3507 oblique,

271 3529 469 3597 adproximats
489 3539 517 3586 et
536 3533 644 3601 apicem
664 3546 762 3584 versus
782 3530 947 3592 imbricata,
973 3527 1114 3589 succuba,
1139 3525 1200 3578 basi
1226 3527 1420 3592 damnantia,

272 3627 356 3673 ovata
382 3623 425 3676 vel
454 3639 492 3676 ex
519 3629 603 3677 ovato
631 3621 826 3686 erimannus,
852 3621 938 3690 euius
966 3617 1132 3682 meuse.
1163 3615 1343 3682 integerrime
1372 3619 1421 3670 rel

275 3718 389 3778 propter
406 3711 522 3768 cellulas
541 3710 710 3777 marginales
729 3708 883 3764 tumidulae
902 3709 939 3764 ad
961 3706 1085 3776 speciem
1104 3705 1265 3766 crauuleta;
1284 3702 1420 3761 interiora

271 3801 490 3869 subexplanata‚
510 3801 657 3870 superiora
669 3797 872 3855 adscendentis
884 3805 913 3852 et
928 3812 1039 3855 sursunt
1055 3793 1245 3850 conniventia.
1286 3793 1420 3848 Maeuiae

272 3887 339 3940 retis
360 3888 479 3959 amplae,
498 3890 679 3957 hexagonao,
699 3888 849 3958 hyaliuae;
873 3885 949 3942 color
968 3885 996 3937 ln
1017 3883 1093 3938 sicce
1112 3882 1266 3951 specimine
1285 3883 1416 3950 hyalino-

270 3976 402 4042 pallidus.
430 3977 549 4032 Fructus
569 3977 790 4032 subterminalis.
826 3974 1014 4030 Pericutlsiurs
1033 3988 1165 4042 parrum,
1184 3971 1352 4036 obeuntum,
1368 3973 1415 4025 bi·

271 4065 469 4134 quedrllcbum
488 4068 559 4123 lebls
578 4065 865 4132 creneio-dentatis,
884 4082 901 4121 e
920 4062 1010 4120 cauis
1031 4068 1096 4126 eut,
1115 4061 1140 4116 ri
1158 4060 1265 4124 maris,
1288 4069 1417 4117 eccetae

271 4175 443 4190 ——nnu--a-

325 4233 351 4300 *J
381 4234 553 4285 Noteroclada
579 4249 675 4283 nomen
708 4250 800 4300 graece
833 4250 891 4282 curn
924 4244 999 4282 sonet
1026 4245 1109 4296 neque
1139 4230 1226 4294 graeei
1259 4246 1313 4278 erre
1336 4233 1417 4298 possit

380 4330 486 4396 originis
509 4327 583 4393 (rell.
601 4321 696 4396 νῶτος
712 4341 878 4394 tergumneu
895 4325 939 4378 dat
956 4339 1098 4402 νωτερον,
1122 4341 1207 4393 usqne
1228 4309 1344 4380 κλάὸου
1363 4327 1415 4374 rire

380 4423 447 4472 runri
465 4421 597 4472 elrarscter·
617 4421 667 4474 lroe
686 4420 916 4486 insereremur),
939 4421 1096 4478 submisere
1114 4418 1183 4471 eliud
1204 4435 1315 4482 nomeu,
1340 4435 1414 4486 aegre

382 4509 407 4559 id
427 4510 543 4578 quidem,
563 4527 668 4562 mecum
687 4510 806 4562 sustinui.
