<?xml version="1.0" encoding="UTF-8"?>
<!DOCTYPE html PUBLIC "-//W3C//DTD XHTML 1.0 Transitional//EN"
    "http://www.w3.org/TR/xhtml1/DTD/xhtml1-transitional.dtd">
<html xmlns="http://www.w3.org/1999/xhtml" xml:lang="en" lang="en">
 <head>
  <title>
</title>
<meta http-equiv="Content-Type" content="text/html;charset=utf-8" />
  <meta name='ocr-system' content='tesseract 3.04.00' />
  <meta name='ocr-capabilities' content='ocr_page ocr_carea ocr_par ocr_line ocrx_word'/>
</head>
<body>
  <div class='ocr_page' id='page_1' title='image "./synopsishepatic00esengoog/synopsishepatic00esengoog_0556.png"; bbox 0 0 3076 5086; ppageno 0'>
   <div class='ocr_carea' id='block_1_1' title="bbox 606 405 1291 475">
    <p class='ocr_par' dir='ltr' id='par_1_1' title="bbox 606 405 1291 475">
     <span class='ocr_line' id='line_1_1' title="bbox 606 405 1291 475; baseline -0.003 -15"><span class='ocrx_word' id='word_1_1' title='bbox 606 405 831 475; x_wconf 84' lang='lat' dir='ltr'>Plagioebnsma.</span> <span class='ocrx_word' id='word_1_2' title='bbox 1237 409 1291 458; x_wconf 79' lang='lat' dir='ltr'>old</span> 
     </span>
    </p>
   </div>
   <div class='ocr_carea' id='block_1_2' title="bbox 96 573 1290 1889">
    <p class='ocr_par' dir='ltr' id='par_1_2' title="bbox 96 573 1290 826">
     <span class='ocr_line' id='line_1_2' title="bbox 219 573 1288 643; baseline -0.003 -11"><span class='ocrx_word' id='word_1_3' title='bbox 219 579 253 633; x_wconf 91' lang='lat' dir='ltr'>ln</span> <span class='ocrx_word' id='word_1_4' title='bbox 274 576 396 633; x_wconf 84' lang='lat' dir='ltr'>Perusia</span> <span class='ocrx_word' id='word_1_5' title='bbox 417 575 452 629; x_wconf 92' lang='lat' dir='ltr'>ad</span> <span class='ocrx_word' id='word_1_6' title='bbox 473 581 577 629; x_wconf 87' lang='lat' dir='ltr'>terram</span> <span class='ocrx_word' id='word_1_7' title='bbox 602 575 671 630; x_wconf 89' lang='lat' dir='ltr'>locis</span> <span class='ocrx_word' id='word_1_8' title='bbox 691 573 826 628; x_wconf 89' lang='lat' dir='ltr'>montosis</span> <span class='ocrx_word' id='word_1_9' title='bbox 852 573 916 628; x_wconf 88' lang='lat' dir='ltr'>udis</span> <span class='ocrx_word' id='word_1_10' title='bbox 934 573 1078 643; x_wconf 76' lang='lat' dir='ltr'><strong>sylvarum</strong></span> <span class='ocrx_word' id='word_1_11' title='bbox 1098 573 1170 627; x_wconf 87' lang='lat' dir='ltr'>inter</span> <span class='ocrx_word' id='word_1_12' title='bbox 1189 575 1288 643; x_wconf 78' lang='lat' dir='ltr'>Cbupd</span> 
     </span>
     <span class='ocr_line' id='line_1_3' title="bbox 96 661 1290 736; baseline -0.004 -10"><span class='ocrx_word' id='word_1_13' title='bbox 96 713 103 726; x_wconf 90' lang='lat'>.</span> <span class='ocrx_word' id='word_1_14' title='bbox 145 675 174 721; x_wconf 89' lang='lat' dir='ltr'>at</span> <span class='ocrx_word' id='word_1_15' title='bbox 192 666 355 722; x_wconf 79' lang='lat' dir='ltr'>lanaeacbe</span> <span class='ocrx_word' id='word_1_16' title='bbox 374 666 537 736; x_wconf 85' lang='lat' dir='ltr'>provinciae</span> <span class='ocrx_word' id='word_1_17' title='bbox 555 667 676 735; x_wconf 80' lang='lat' dir='ltr'>Yuagas</span> <span class='ocrx_word' id='word_1_18' title='bbox 693 664 864 734; x_wconf 78' lang='lat' dir='ltr'>(d’Orbigny</span> <span class='ocrx_word' id='word_1_19' title='bbox 882 663 911 716; x_wconf 90' lang='lat' dir='ltr'>io</span> <span class='ocrx_word' id='word_1_20' title='bbox 925 663 1067 717; x_wconf 81' lang='lat' dir='ltr'>beius.</span> <span class='ocrx_word' id='word_1_21' title='bbox 1078 661 1170 718; x_wconf 89' lang='lat' dir='ltr'>Paris.</span> <span class='ocrx_word' id='word_1_22' title='bbox 1183 670 1290 730; x_wconf 79' lang='lat' dir='ltr'>n.218;</span> 
     </span>
     <span class='ocr_line' id='line_1_4' title="bbox 147 751 1288 826; baseline 0 -17"><span class='ocrx_word' id='word_1_23' title='bbox 147 756 203 810; x_wconf 86' lang='lat' dir='ltr'>lib.</span> <span class='ocrx_word' id='word_1_24' title='bbox 215 756 265 820; x_wconf 79' lang='lat' dir='ltr'>M..</span> <span class='ocrx_word' id='word_1_25' title='bbox 280 757 338 824; x_wconf 85' lang='lat' dir='ltr'>Hp.</span> <span class='ocrx_word' id='word_1_26' title='bbox 348 762 377 811; x_wconf 87' lang='lat' dir='ltr'>et</span> <span class='ocrx_word' id='word_1_27' title='bbox 389 755 453 825; x_wconf 87' lang='lat' dir='ltr'>N.);</span> <span class='ocrx_word' id='word_1_28' title='bbox 474 754 596 809; x_wconf 84' lang='lat' dir='ltr'>Perusia</span> <span class='ocrx_word' id='word_1_29' title='bbox 608 755 638 810; x_wconf 91' lang='lat' dir='ltr'>iu</span> <span class='ocrx_word' id='word_1_30' title='bbox 650 763 735 816; x_wconf 87' lang='lat' dir='ltr'>terra,</span> <span class='ocrx_word' id='word_1_31' title='bbox 755 752 860 807; x_wconf 88' lang='lat' dir='ltr'>muscis</span> <span class='ocrx_word' id='word_1_32' title='bbox 878 753 1026 807; x_wconf 88' lang='lat' dir='ltr'>instratum</span> <span class='ocrx_word' id='word_1_33' title='bbox 1038 751 1110 826; x_wconf 81' lang='lat' dir='ltr'>(Hb.</span> <span class='ocrx_word' id='word_1_34' title='bbox 1122 752 1177 822; x_wconf 83' lang='lat' dir='ltr'>Hp.</span> <span class='ocrx_word' id='word_1_35' title='bbox 1192 761 1220 809; x_wconf 88' lang='lat' dir='ltr'>et</span> <span class='ocrx_word' id='word_1_36' title='bbox 1229 755 1288 822; x_wconf 91' lang='lat' dir='ltr'>N.).</span> 
     </span>
    </p>

    <p class='ocr_par' dir='ltr' id='par_1_3' title="bbox 143 843 1288 1889">
     <span class='ocr_line' id='line_1_5' title="bbox 217 843 1287 912; baseline -0.001 -15"><span class='ocrx_word' id='word_1_37' title='bbox 217 845 337 898; x_wconf 84' lang='lat' dir='ltr'>Froudes</span> <span class='ocrx_word' id='word_1_38' title='bbox 355 845 383 898; x_wconf 91' lang='lat' dir='ltr'>in</span> <span class='ocrx_word' id='word_1_39' title='bbox 402 843 554 912; x_wconf 79' lang='lat' dir='ltr'>caespitem</span> <span class='ocrx_word' id='word_1_40' title='bbox 574 845 673 906; x_wconf 78' lang='lat' dir='ltr'>viridi,</span> <span class='ocrx_word' id='word_1_41' title='bbox 700 850 771 906; x_wconf 88' lang='lat' dir='ltr'>atro,</span> <span class='ocrx_word' id='word_1_42' title='bbox 796 857 939 911; x_wconf 91' lang='lat' dir='ltr'>purpureo</span> <span class='ocrx_word' id='word_1_43' title='bbox 958 843 1095 911; x_wconf 79' lang='lat' dir='ltr'>fuscoque</span> <span class='ocrx_word' id='word_1_44' title='bbox 1114 843 1287 910; x_wconf 84' lang='lat' dir='ltr'>variagstum</span> 
     </span>
     <span class='ocr_line' id='line_1_6' title="bbox 144 929 1287 1003; baseline 0.001 -17"><span class='ocrx_word' id='word_1_45' title='bbox 144 935 333 1000; x_wconf 85' lang='lat' dir='ltr'>consociatae,</span> <span class='ocrx_word' id='word_1_46' title='bbox 343 933 493 1003; x_wconf 89' lang='lat' dir='ltr'>simplices,</span> <span class='ocrx_word' id='word_1_47' title='bbox 513 949 578 988; x_wconf 89' lang='lat' dir='ltr'>raro</span> <span class='ocrx_word' id='word_1_48' title='bbox 597 933 733 997; x_wconf 78' lang='lat' dir='ltr'><strong>bifurcae,</strong></span> <span class='ocrx_word' id='word_1_49' title='bbox 752 931 996 996; x_wconf 74' lang='lat' dir='ltr'>membranaceae,</span> <span class='ocrx_word' id='word_1_50' title='bbox 1016 946 1067 986; x_wconf 83' lang='lat' dir='ltr'>sex</span> <span class='ocrx_word' id='word_1_51' title='bbox 1080 929 1287 987; x_wconf 88' lang='lat' dir='ltr'>adoctolineas</span> 
     </span>
     <span class='ocr_line' id='line_1_7' title="bbox 144 1019 1288 1092; baseline -0.002 -16"><span class='ocrx_word' id='word_1_52' title='bbox 144 1022 256 1092; x_wconf 86' lang='lat' dir='ltr'>longae,</span> <span class='ocrx_word' id='word_1_53' title='bbox 276 1023 348 1077; x_wconf 85' lang='lat' dir='ltr'>duas</span> <span class='ocrx_word' id='word_1_54' title='bbox 367 1023 458 1076; x_wconf 87' lang='lat' dir='ltr'>lineas</span> <span class='ocrx_word' id='word_1_55' title='bbox 478 1023 563 1082; x_wconf 85' lang='lat' dir='ltr'>latae,</span> <span class='ocrx_word' id='word_1_56' title='bbox 582 1019 853 1088; x_wconf 86' lang='lat' dir='ltr'>lineari-oblongae,</span> <span class='ocrx_word' id='word_1_57' title='bbox 873 1019 955 1089; x_wconf 88' lang='lat' dir='ltr'>apice</span> <span class='ocrx_word' id='word_1_58' title='bbox 974 1019 1141 1088; x_wconf 87' lang='lat' dir='ltr'>ampliatae,</span> <span class='ocrx_word' id='word_1_59' title='bbox 1167 1021 1288 1077; x_wconf 85' lang='lat' dir='ltr'>breviter</span> 
     </span>
     <span class='ocr_line' id='line_1_8' title="bbox 145 1106 1287 1180; baseline -0.001 -14"><span class='ocrx_word' id='word_1_60' title='bbox 145 1114 339 1180; x_wconf 87' lang='lat' dir='ltr'>errrurgiuatae</span> <span class='ocrx_word' id='word_1_61' title='bbox 366 1116 394 1165; x_wconf 87' lang='lat' dir='ltr'>et</span> <span class='ocrx_word' id='word_1_62' title='bbox 424 1109 676 1179; x_wconf 84' lang='lat' dir='ltr'>prolificationibos</span> <span class='ocrx_word' id='word_1_63' title='bbox 707 1109 809 1162; x_wconf 88' lang='lat' dir='ltr'>annuis</span> <span class='ocrx_word' id='word_1_64' title='bbox 842 1123 878 1161; x_wconf 85' lang='lat' dir='ltr'>ex</span> <span class='ocrx_word' id='word_1_65' title='bbox 914 1106 1124 1174; x_wconf 86' lang='lat' dir='ltr'>emarginatura</span> <span class='ocrx_word' id='word_1_66' title='bbox 1161 1109 1287 1165; x_wconf 85' lang='lat' dir='ltr'>oriundis</span> 
     </span>
     <span class='ocr_line' id='line_1_9' title="bbox 143 1193 1287 1266; baseline 0.001 -14"><span class='ocrx_word' id='word_1_67' title='bbox 143 1200 326 1264; x_wconf 83' lang='lat' dir='ltr'>innovantes,</span> <span class='ocrx_word' id='word_1_68' title='bbox 363 1205 422 1254; x_wconf 92' lang='lat' dir='ltr'>tum</span> <span class='ocrx_word' id='word_1_69' title='bbox 447 1197 863 1262; x_wconf 88' lang='lat' dir='ltr'>constricto·suburticulatae,</span> <span class='ocrx_word' id='word_1_70' title='bbox 894 1211 980 1264; x_wconf 86' lang='lat' dir='ltr'>supra</span> <span class='ocrx_word' id='word_1_71' title='bbox 1006 1193 1287 1266; x_wconf 78' lang='lat' dir='ltr'>viridi-purpureae,</span> 
     </span>
     <span class='ocr_line' id='line_1_10' title="bbox 145 1281 1287 1354; baseline 0.001 -13"><span class='ocrx_word' id='word_1_72' title='bbox 145 1289 224 1344; x_wconf 87' lang='lat' dir='ltr'>lusco</span> <span class='ocrx_word' id='word_1_73' title='bbox 251 1289 316 1343; x_wconf 91' lang='lat' dir='ltr'>binc</span> <span class='ocrx_word' id='word_1_74' title='bbox 349 1286 415 1341; x_wconf 90' lang='lat' dir='ltr'>inde</span> <span class='ocrx_word' id='word_1_75' title='bbox 441 1287 564 1353; x_wconf 87' lang='lat' dir='ltr'>tinctae,</span> <span class='ocrx_word' id='word_1_76' title='bbox 598 1283 776 1354; x_wconf 73' lang='lat' dir='ltr'>marginibus</span> <span class='ocrx_word' id='word_1_77' title='bbox 806 1281 1044 1337; x_wconf 73' lang='lat' dir='ltr'>adscendentibus</span> <span class='ocrx_word' id='word_1_78' title='bbox 1072 1283 1287 1352; x_wconf 87' lang='lat' dir='ltr'>canaliculatae,</span> 
     </span>
     <span class='ocr_line' id='line_1_11' title="bbox 144 1369 1285 1442; baseline 0 -11"><span class='ocrx_word' id='word_1_79' title='bbox 144 1378 245 1431; x_wconf 87' lang='lat' dir='ltr'>subtus</span> <span class='ocrx_word' id='word_1_80' title='bbox 264 1377 358 1431; x_wconf 89' lang='lat' dir='ltr'>medio</span> <span class='ocrx_word' id='word_1_81' title='bbox 375 1375 562 1442; x_wconf 75' lang='lat' dir='ltr'>incrassatae,</span> <span class='ocrx_word' id='word_1_82' title='bbox 581 1375 669 1431; x_wconf 89' lang='lat' dir='ltr'>denso</span> <span class='ocrx_word' id='word_1_83' title='bbox 688 1375 879 1430; x_wconf 91' lang='lat' dir='ltr'>radicularum</span> <span class='ocrx_word' id='word_1_84' title='bbox 898 1371 964 1425; x_wconf 86' lang='lat' dir='ltr'>silio</span> <span class='ocrx_word' id='word_1_85' title='bbox 982 1369 1102 1435; x_wconf 77' lang='lat' dir='ltr'>obsitae,</span> <span class='ocrx_word' id='word_1_86' title='bbox 1126 1389 1189 1426; x_wconf 91' lang='lat' dir='ltr'>cum</span> <span class='ocrx_word' id='word_1_87' title='bbox 1210 1392 1285 1431; x_wconf 89' lang='lat' dir='ltr'>mar·</span> 
     </span>
     <span class='ocr_line' id='line_1_12' title="bbox 143 1459 1287 1534; baseline 0 -16"><span class='ocrx_word' id='word_1_88' title='bbox 143 1466 256 1533; x_wconf 80' lang='lat' dir='ltr'>gliribus</span> <span class='ocrx_word' id='word_1_89' title='bbox 282 1473 548 1534; x_wconf 88' lang='lat' dir='ltr'>atro-purpureae,</span> <span class='ocrx_word' id='word_1_90' title='bbox 573 1463 754 1520; x_wconf 84' lang='lat' dir='ltr'>transversim</span> <span class='ocrx_word' id='word_1_91' title='bbox 778 1461 859 1533; x_wconf 91' lang='lat' dir='ltr'>plicis</span> <span class='ocrx_word' id='word_1_92' title='bbox 885 1461 927 1515; x_wconf 88' lang='lat' dir='ltr'>vei</span> <span class='ocrx_word' id='word_1_93' title='bbox 951 1459 1029 1526; x_wconf 83' lang='lat' dir='ltr'>rugis</span> <span class='ocrx_word' id='word_1_94' title='bbox 1051 1459 1225 1516; x_wconf 82' lang='lat' dir='ltr'>tenuissimis</span> <span class='ocrx_word' id='word_1_95' title='bbox 1251 1467 1287 1519; x_wconf 91' lang='lat' dir='ltr'>ad</span> 
     </span>
     <span class='ocr_line' id='line_1_13' title="bbox 144 1547 1288 1624; baseline 0.002 -16"><span class='ocrx_word' id='word_1_96' title='bbox 144 1555 268 1623; x_wconf 87' lang='lat' dir='ltr'>speciem</span> <span class='ocrx_word' id='word_1_97' title='bbox 287 1553 404 1609; x_wconf 78' lang='lat' dir='ltr'>strictae</span> <span class='ocrx_word' id='word_1_98' title='bbox 423 1560 452 1608; x_wconf 90' lang='lat' dir='ltr'>et</span> <span class='ocrx_word' id='word_1_99' title='bbox 471 1555 581 1624; x_wconf 87' lang='lat' dir='ltr'>apicem</span> <span class='ocrx_word' id='word_1_100' title='bbox 599 1569 699 1608; x_wconf 86' lang='lat' dir='ltr'>versus</span> <span class='ocrx_word' id='word_1_101' title='bbox 718 1559 826 1607; x_wconf 82' lang='lat' dir='ltr'>tantuna</span> <span class='ocrx_word' id='word_1_102' title='bbox 846 1549 883 1606; x_wconf 94' lang='lat' dir='ltr'>ob</span> <span class='ocrx_word' id='word_1_103' title='bbox 902 1547 1102 1618; x_wconf 86' lang='lat' dir='ltr'>epidermideus</span> <span class='ocrx_word' id='word_1_104' title='bbox 1121 1547 1151 1602; x_wconf 90' lang='lat' dir='ltr'>in</span> <span class='ocrx_word' id='word_1_105' title='bbox 1170 1551 1288 1610; x_wconf 89' lang='lat' dir='ltr'>lacinias</span> 
     </span>
     <span class='ocr_line' id='line_1_14' title="bbox 143 1639 1286 1712; baseline -0.001 -15"><span class='ocrx_word' id='word_1_106' title='bbox 143 1642 447 1712; x_wconf 84' lang='lat' dir='ltr'>orato-triangulares</span> <span class='ocrx_word' id='word_1_107' title='bbox 474 1643 556 1711; x_wconf 83' lang='lat' dir='ltr'>longe</span> <span class='ocrx_word' id='word_1_108' title='bbox 589 1643 767 1696; x_wconf 87' lang='lat' dir='ltr'>acuminatas</span> <span class='ocrx_word' id='word_1_109' title='bbox 803 1653 960 1709; x_wconf 87' lang='lat' dir='ltr'>purpureas</span> <span class='ocrx_word' id='word_1_110' title='bbox 988 1639 1083 1690; x_wconf 87' lang='lat' dir='ltr'>lissam</span> <span class='ocrx_word' id='word_1_111' title='bbox 1110 1653 1286 1708; x_wconf 81' lang='lat' dir='ltr'>squamosas,</span> 
     </span>
     <span class='ocr_line' id='line_1_15' title="bbox 144 1725 1286 1800; baseline 0.004 -18"><span class='ocrx_word' id='word_1_112' title='bbox 144 1731 269 1800; x_wconf 86' lang='lat' dir='ltr'>squamis</span> <span class='ocrx_word' id='word_1_113' title='bbox 287 1731 525 1798; x_wconf 82' lang='lat' dir='ltr'>emarginaturam</span> <span class='ocrx_word' id='word_1_114' title='bbox 551 1731 693 1785; x_wconf 88' lang='lat' dir='ltr'>tantillum</span> <span class='ocrx_word' id='word_1_115' title='bbox 712 1729 915 1798; x_wconf 86' lang='lat' dir='ltr'>superantibus</span> <span class='ocrx_word' id='word_1_116' title='bbox 940 1742 994 1780; x_wconf 89' lang='lat' dir='ltr'>nec</span> <span class='ocrx_word' id='word_1_117' title='bbox 1018 1725 1053 1780; x_wconf 92' lang='lat' dir='ltr'>ad</span> <span class='ocrx_word' id='word_1_118' title='bbox 1073 1729 1215 1794; x_wconf 75' lang='lat' dir='ltr'>margines</span> <span class='ocrx_word' id='word_1_119' title='bbox 1233 1734 1286 1786; x_wconf 88' lang='lat' dir='ltr'>sub</span> 
     </span>
     <span class='ocr_line' id='line_1_16' title="bbox 144 1815 1287 1889; baseline 0.003 -17"><span class='ocrx_word' id='word_1_120' title='bbox 144 1821 310 1889; x_wconf 83' lang='lat' dir='ltr'>adspectum</span> <span class='ocrx_word' id='word_1_121' title='bbox 329 1820 518 1874; x_wconf 88' lang='lat' dir='ltr'>venientibus.</span> <span class='ocrx_word' id='word_1_122' title='bbox 557 1819 658 1874; x_wconf 80' lang='lat' dir='ltr'>Facies</span> <span class='ocrx_word' id='word_1_123' title='bbox 684 1818 814 1888; x_wconf 90' lang='lat' dir='ltr'>superior</span> <span class='ocrx_word' id='word_1_124' title='bbox 837 1815 945 1871; x_wconf 76' lang='lat' dir='ltr'>frondis</span> <span class='ocrx_word' id='word_1_125' title='bbox 969 1829 1105 1884; x_wconf 85' lang='lat' dir='ltr'>perquam</span> <span class='ocrx_word' id='word_1_126' title='bbox 1124 1818 1287 1876; x_wconf 85' lang='lat' dir='ltr'>tenuissime</span> 
     </span>
    </p>
   </div>
   <div class='ocr_carea' id='block_1_3' title="bbox 143 1903 1288 2510">
    <p class='ocr_par' dir='ltr' id='par_1_4' title="bbox 143 1903 1288 2510">
     <span class='ocr_line' id='line_1_17' title="bbox 144 1903 1286 1977; baseline 0.004 -17"><span class='ocrx_word' id='word_1_127' title='bbox 144 1907 300 1972; x_wconf 91' lang='lat' dir='ltr'>reticulata,</span> <span class='ocrx_word' id='word_1_128' title='bbox 320 1909 422 1963; x_wconf 89' lang='lat' dir='ltr'>areolis</span> <span class='ocrx_word' id='word_1_129' title='bbox 441 1907 608 1977; x_wconf 84' lang='lat' dir='ltr'>hexagonis,</span> <span class='ocrx_word' id='word_1_130' title='bbox 627 1908 728 1962; x_wconf 89' lang='lat' dir='ltr'>mediis</span> <span class='ocrx_word' id='word_1_131' title='bbox 741 1907 806 1976; x_wconf 89' lang='lat' dir='ltr'>pius</span> <span class='ocrx_word' id='word_1_132' title='bbox 815 1906 945 1960; x_wconf 77' lang='lat' dir='ltr'>minusue</span> <span class='ocrx_word' id='word_1_133' title='bbox 955 1903 1104 1970; x_wconf 89' lang='lat' dir='ltr'>elongatis,</span> <span class='ocrx_word' id='word_1_134' title='bbox 1123 1905 1286 1964; x_wconf 80' lang='lat' dir='ltr'>lateralibus</span> 
     </span>
     <span class='ocr_line' id='line_1_18' title="bbox 143 1981 1286 2066; baseline 0.002 -17"><span class='ocrx_word' id='word_1_135' title='bbox 143 1995 299 2051; x_wconf 85' lang='lat' dir='ltr'>minoribus</span> <span class='ocrx_word' id='word_1_136' title='bbox 332 1996 481 2066; x_wconf 77' lang='lat' dir='ltr'>magisque</span> <span class='ocrx_word' id='word_1_137' title='bbox 513 1996 699 2064; x_wconf 76' lang='lat' dir='ltr'>regularibus.</span> <span class='ocrx_word' id='word_1_138' title='bbox 743 1996 814 2049; x_wconf 83' lang='lat' dir='ltr'>Pori</span> <span class='ocrx_word' id='word_1_139' title='bbox 845 1993 925 2047; x_wconf 89' lang='lat' dir='ltr'>nulli.</span> <span class='ocrx_word' id='word_1_140' title='bbox 971 1981 1150 2064; x_wconf 78' lang='lat' dir='ltr'>Receptacula</span> <span class='ocrx_word' id='word_1_141' title='bbox 1167 1994 1286 2064; x_wconf 65' lang='lat' dir='ltr'>semmae</span> 
     </span>
     <span class='ocr_line' id='line_1_19' title="bbox 143 2079 1286 2154; baseline 0.005 -20"><span class='ocrx_word' id='word_1_142' title='bbox 143 2083 217 2150; x_wconf 83' lang='lat' dir='ltr'>(raro</span> <span class='ocrx_word' id='word_1_143' title='bbox 236 2084 363 2154; x_wconf 83' lang='lat' dir='ltr'>unicum)</span> <span class='ocrx_word' id='word_1_144' title='bbox 381 2083 451 2138; x_wconf 83' lang='lat' dir='ltr'>bina</span> <span class='ocrx_word' id='word_1_145' title='bbox 469 2091 597 2150; x_wconf 84' lang='lat' dir='ltr'>ternave,</span> <span class='ocrx_word' id='word_1_146' title='bbox 616 2084 741 2140; x_wconf 87' lang='lat' dir='ltr'>seriatim</span> <span class='ocrx_word' id='word_1_147' title='bbox 759 2083 788 2136; x_wconf 94' lang='lat' dir='ltr'>in</span> <span class='ocrx_word' id='word_1_148' title='bbox 799 2079 1167 2149; x_wconf 84' lang='lat' dir='ltr'>mediolrcndisdisposlta,</span> <span class='ocrx_word' id='word_1_149' title='bbox 1185 2088 1286 2140; x_wconf 88' lang='lat' dir='ltr'>subtus</span> 
     </span>
     <span class='ocr_line' id='line_1_20' title="bbox 143 2168 1286 2242; baseline 0.006 -21"><span class='ocrx_word' id='word_1_150' title='bbox 143 2169 225 2238; x_wconf 87' lang='lat' dir='ltr'>longe</span> <span class='ocrx_word' id='word_1_151' title='bbox 245 2173 372 2238; x_wconf 87' lang='lat' dir='ltr'>barbata,</span> <span class='ocrx_word' id='word_1_152' title='bbox 392 2173 534 2241; x_wconf 88' lang='lat' dir='ltr'>singulum</span> <span class='ocrx_word' id='word_1_153' title='bbox 553 2172 714 2242; x_wconf 88' lang='lat' dir='ltr'>pedunculo</span> <span class='ocrx_word' id='word_1_154' title='bbox 733 2169 879 2226; x_wconf 78' lang='lat' dir='ltr'>suffultum</span> <span class='ocrx_word' id='word_1_155' title='bbox 897 2169 1064 2224; x_wconf 78' lang='lat' dir='ltr'>brevissimo</span> <span class='ocrx_word' id='word_1_156' title='bbox 1082 2168 1130 2222; x_wconf 85' lang='lat' dir='ltr'>rix</span> <span class='ocrx_word' id='word_1_157' title='bbox 1149 2169 1286 2239; x_wconf 87' lang='lat' dir='ltr'>bilineari,</span> 
     </span>
     <span class='ocr_line' id='line_1_21' title="bbox 143 2245 1288 2340; baseline 0.008 -30"><span class='ocrx_word' id='word_1_158' title='bbox 143 2260 255 2325; x_wconf 89' lang='lat' dir='ltr'>striato,</span> <span class='ocrx_word' id='word_1_159' title='bbox 281 2245 382 2325; x_wconf 90' lang='lat' dir='ltr'>tortili,</span> <span class='ocrx_word' id='word_1_160' title='bbox 406 2262 741 2331; x_wconf 84' lang='lat' dir='ltr'>purpurascente-lusoo</span> <span class='ocrx_word' id='word_1_161' title='bbox 760 2259 823 2340; x_wconf 79' lang='lat' dir='ltr'>basi</span> <span class='ocrx_word' id='word_1_162' title='bbox 840 2256 995 2329; x_wconf 89' lang='lat' dir='ltr'>squamulis</span> <span class='ocrx_word' id='word_1_163' title='bbox 1014 2256 1113 2325; x_wconf 80' lang='lat' dir='ltr'>paucis</span> <span class='ocrx_word' id='word_1_164' title='bbox 1132 2259 1288 2319; x_wconf 85' lang='lat' dir='ltr'>linearibus</span> 
     </span>
     <span class='ocr_line' id='line_1_22' title="bbox 144 2347 1284 2420; baseline 0.006 -21"><span class='ocrx_word' id='word_1_165' title='bbox 144 2347 276 2404; x_wconf 78' lang='lat' dir='ltr'>brevibus</span> <span class='ocrx_word' id='word_1_166' title='bbox 305 2349 426 2420; x_wconf 82' lang='lat' dir='ltr'>hyalinis</span> <span class='ocrx_word' id='word_1_167' title='bbox 454 2351 575 2420; x_wconf 87' lang='lat' dir='ltr'>stipato,</span> <span class='ocrx_word' id='word_1_168' title='bbox 610 2350 761 2404; x_wconf 80' lang='lat' dir='ltr'>novissime</span> <span class='ocrx_word' id='word_1_169' title='bbox 790 2353 857 2402; x_wconf 89' lang='lat' dir='ltr'>nato</span> <span class='ocrx_word' id='word_1_170' title='bbox 886 2364 942 2402; x_wconf 90' lang='lat' dir='ltr'>non</span> <span class='ocrx_word' id='word_1_171' title='bbox 971 2347 1054 2414; x_wconf 86' lang='lat' dir='ltr'>louge</span> <span class='ocrx_word' id='word_1_172' title='bbox 1082 2353 1149 2402; x_wconf 88' lang='lat' dir='ltr'>aute</span> <span class='ocrx_word' id='word_1_173' title='bbox 1176 2353 1284 2420; x_wconf 89' lang='lat' dir='ltr'>apicem</span> 
     </span>
     <span class='ocr_line' id='line_1_23' title="bbox 144 2433 1285 2510; baseline 0.005 -23"><span class='ocrx_word' id='word_1_174' title='bbox 144 2434 250 2490; x_wconf 79' lang='lat' dir='ltr'>troadis</span> <span class='ocrx_word' id='word_1_175' title='bbox 269 2453 285 2491; x_wconf 91' lang='lat' dir='ltr'>e</span> <span class='ocrx_word' id='word_1_176' title='bbox 303 2445 383 2493; x_wconf 89' lang='lat' dir='ltr'>costa</span> <span class='ocrx_word' id='word_1_177' title='bbox 401 2439 570 2506; x_wconf 83' lang='lat' dir='ltr'>egrediente.</span> <span class='ocrx_word' id='word_1_178' title='bbox 608 2439 691 2492; x_wconf 88' lang='lat' dir='ltr'>Haec</span> <span class='ocrx_word' id='word_1_179' title='bbox 704 2437 884 2506; x_wconf 86' lang='lat' dir='ltr'>receptacula</span> <span class='ocrx_word' id='word_1_180' title='bbox 904 2451 967 2490; x_wconf 89' lang='lat' dir='ltr'>raro</span> <span class='ocrx_word' id='word_1_181' title='bbox 985 2435 1015 2488; x_wconf 90' lang='lat' dir='ltr'>in</span> <span class='ocrx_word' id='word_1_182' title='bbox 1029 2433 1152 2502; x_wconf 89' lang='lat' dir='ltr'>unicum,</span> <span class='ocrx_word' id='word_1_183' title='bbox 1171 2443 1285 2510; x_wconf 78' lang='lat' dir='ltr'>saepius</span> 
     </span>
    </p>
   </div>
   <div class='ocr_carea' id='block_1_4' title="bbox 139 2524 1285 3662">
    <p class='ocr_par' dir='ltr' id='par_1_5' title="bbox 139 2524 1285 3483">
     <span class='ocr_line' id='line_1_24' title="bbox 144 2524 1285 2593; baseline 0.01 -18"><span class='ocrx_word' id='word_1_184' title='bbox 144 2539 211 2578; x_wconf 82' lang='lat' dir='ltr'>sero</span> <span class='ocrx_word' id='word_1_185' title='bbox 228 2524 258 2580; x_wconf 92' lang='lat' dir='ltr'>in</span> <span class='ocrx_word' id='word_1_186' title='bbox 277 2525 359 2580; x_wconf 91' lang='lat' dir='ltr'>binos</span> <span class='ocrx_word' id='word_1_187' title='bbox 377 2527 483 2581; x_wconf 86' lang='lat' dir='ltr'>abeunt</span> <span class='ocrx_word' id='word_1_188' title='bbox 498 2528 604 2583; x_wconf 91' lang='lat' dir='ltr'>loculos</span> <span class='ocrx_word' id='word_1_189' title='bbox 617 2543 667 2582; x_wconf 90' lang='lat' dir='ltr'>seu</span> <span class='ocrx_word' id='word_1_190' title='bbox 679 2526 814 2580; x_wconf 77' lang='lat' dir='ltr'>irseolueru</span> <span class='ocrx_word' id='word_1_191' title='bbox 825 2524 1154 2593; x_wconf 87' lang='lat' dir='ltr'>ciiiptioc·subrotuuda,</span> <span class='ocrx_word' id='word_1_192' title='bbox 1172 2529 1285 2586; x_wconf 88' lang='lat' dir='ltr'>sordide</span> 
     </span>
     <span class='ocr_line' id='line_1_25' title="bbox 143 2609 1285 2686; baseline 0.011 -25"><span class='ocrx_word' id='word_1_193' title='bbox 143 2609 332 2680; x_wconf 86' lang='lat' dir='ltr'>tiarcseentia,</span> <span class='ocrx_word' id='word_1_194' title='bbox 349 2615 519 2686; x_wconf 90' lang='lat' dir='ltr'>quaudoque</span> <span class='ocrx_word' id='word_1_195' title='bbox 531 2617 599 2671; x_wconf 92' lang='lat' dir='ltr'>bina</span> <span class='ocrx_word' id='word_1_196' title='bbox 612 2617 699 2670; x_wconf 93' lang='lat' dir='ltr'>dorso</span> <span class='ocrx_word' id='word_1_197' title='bbox 712 2614 765 2670; x_wconf 89' lang='lat' dir='ltr'>sibi</span> <span class='ocrx_word' id='word_1_198' title='bbox 777 2613 911 2682; x_wconf 84' lang='lat' dir='ltr'>contigua</span> <span class='ocrx_word' id='word_1_199' title='bbox 922 2611 1091 2667; x_wconf 87' lang='lat' dir='ltr'>verticaliter</span> <span class='ocrx_word' id='word_1_200' title='bbox 1101 2612 1285 2686; x_wconf 88' lang='lat' dir='ltr'>dehiscentia,</span> 
     </span>
     <span class='ocr_line' id='line_1_26' title="bbox 142 2697 1283 2774; baseline 0.011 -23"><span class='ocrx_word' id='word_1_201' title='bbox 142 2697 331 2766; x_wconf 85' lang='lat' dir='ltr'>integerrima.</span> <span class='ocrx_word' id='word_1_202' title='bbox 368 2704 400 2759; x_wconf 83' lang='lat' dir='ltr'>Si</span> <span class='ocrx_word' id='word_1_203' title='bbox 419 2704 548 2774; x_wconf 84' lang='lat' dir='ltr'>contigit,</span> <span class='ocrx_word' id='word_1_204' title='bbox 576 2711 607 2759; x_wconf 91' lang='lat' dir='ltr'>ut</span> <span class='ocrx_word' id='word_1_205' title='bbox 626 2706 802 2760; x_wconf 77' lang='lat' dir='ltr'>involucrum</span> <span class='ocrx_word' id='word_1_206' title='bbox 827 2703 903 2757; x_wconf 90' lang='lat' dir='ltr'>adsit</span> <span class='ocrx_word' id='word_1_207' title='bbox 920 2702 1051 2766; x_wconf 89' lang='lat' dir='ltr'>unicum,</span> <span class='ocrx_word' id='word_1_208' title='bbox 1075 2709 1142 2756; x_wconf 93' lang='lat' dir='ltr'>tunc</span> <span class='ocrx_word' id='word_1_209' title='bbox 1160 2715 1283 2763; x_wconf 88' lang='lat' dir='ltr'>erectum</span> 
     </span>
     <span class='ocr_line' id='line_1_27' title="bbox 142 2788 1284 2865; baseline 0.011 -24"><span class='ocrx_word' id='word_1_210' title='bbox 142 2793 186 2842; x_wconf 87' lang='lat' dir='ltr'>est</span> <span class='ocrx_word' id='word_1_211' title='bbox 204 2788 331 2861; x_wconf 88' lang='lat' dir='ltr'>rimaqne</span> <span class='ocrx_word' id='word_1_212' title='bbox 350 2791 510 2846; x_wconf 69' lang='lat' dir='ltr'>imizontali</span> <span class='ocrx_word' id='word_1_213' title='bbox 528 2795 595 2861; x_wconf 79' lang='lat' dir='ltr'>(non</span> <span class='ocrx_word' id='word_1_214' title='bbox 607 2793 748 2865; x_wconf 85' lang='lat' dir='ltr'>verticuli)</span> <span class='ocrx_word' id='word_1_215' title='bbox 766 2791 897 2847; x_wconf 82' lang='lat' dir='ltr'>dehiscit.</span> <span class='ocrx_word' id='word_1_216' title='bbox 934 2790 1016 2844; x_wconf 85' lang='lat' dir='ltr'>Ratis</span> <span class='ocrx_word' id='word_1_217' title='bbox 1027 2791 1138 2844; x_wconf 87' lang='lat' dir='ltr'>areolae</span> <span class='ocrx_word' id='word_1_218' title='bbox 1148 2793 1284 2852; x_wconf 83' lang='lat' dir='ltr'>involucri</span> 
     </span>
     <span class='ocr_line' id='line_1_28' title="bbox 141 2876 1282 2956; baseline 0.01 -26"><span class='ocrx_word' id='word_1_219' title='bbox 141 2876 293 2946; x_wconf 88' lang='lat' dir='ltr'>oblongae,</span> <span class='ocrx_word' id='word_1_220' title='bbox 319 2880 479 2936; x_wconf 87' lang='lat' dir='ltr'>interstitiis</span> <span class='ocrx_word' id='word_1_221' title='bbox 505 2882 610 2938; x_wconf 88' lang='lat' dir='ltr'>crassis</span> <span class='ocrx_word' id='word_1_222' title='bbox 637 2881 797 2956; x_wconf 85' lang='lat' dir='ltr'>distinctae.</span> <span class='ocrx_word' id='word_1_223' title='bbox 836 2880 965 2952; x_wconf 75' lang='lat' dir='ltr'>Colyptru</span> <span class='ocrx_word' id='word_1_224' title='bbox 987 2879 1152 2945; x_wconf 86' lang='lat' dir='ltr'>tenerrima,</span> <span class='ocrx_word' id='word_1_225' title='bbox 1177 2885 1282 2952; x_wconf 88' lang='lat' dir='ltr'>albida,</span> 
     </span>
     <span class='ocr_line' id='line_1_29' title="bbox 142 2965 1284 3041; baseline 0.011 -23"><span class='ocrx_word' id='word_1_226' title='bbox 142 2965 270 3034; x_wconf 79' lang='lat' dir='ltr'>hyalino,</span> <span class='ocrx_word' id='word_1_227' title='bbox 299 2971 417 3038; x_wconf 90' lang='lat' dir='ltr'>capsula</span> <span class='ocrx_word' id='word_1_228' title='bbox 436 2970 565 3038; x_wconf 78' lang='lat' dir='ltr'>brevior,</span> <span class='ocrx_word' id='word_1_229' title='bbox 592 2973 648 3026; x_wconf 90' lang='lat' dir='ltr'>cito</span> <span class='ocrx_word' id='word_1_230' title='bbox 667 2971 720 3025; x_wconf 88' lang='lat' dir='ltr'>sub</span> <span class='ocrx_word' id='word_1_231' title='bbox 739 2971 821 3040; x_wconf 86' lang='lat' dir='ltr'>apice</span> <span class='ocrx_word' id='word_1_232' title='bbox 840 2977 937 3039; x_wconf 86' lang='lat' dir='ltr'>rupta,</span> <span class='ocrx_word' id='word_1_233' title='bbox 962 2985 978 3022; x_wconf 91' lang='lat' dir='ltr'>e</span> <span class='ocrx_word' id='word_1_234' title='bbox 997 2968 1105 3022; x_wconf 88' lang='lat' dir='ltr'>cellulis</span> <span class='ocrx_word' id='word_1_235' title='bbox 1127 2971 1284 3041; x_wconf 86' lang='lat' dir='ltr'>hexagonis</span> 
     </span>
     <span class='ocr_line' id='line_1_30' title="bbox 142 3056 1284 3132; baseline 0.008 -24"><span class='ocrx_word' id='word_1_236' title='bbox 142 3056 330 3113; x_wconf 89' lang='lat' dir='ltr'>mediocribus</span> <span class='ocrx_word' id='word_1_237' title='bbox 346 3058 511 3128; x_wconf 89' lang='lat' dir='ltr'>composita.</span> <span class='ocrx_word' id='word_1_238' title='bbox 551 3059 666 3132; x_wconf 78' lang='lat' dir='ltr'>Capsulu</span> <span class='ocrx_word' id='word_1_239' title='bbox 675 3059 833 3130; x_wconf 89' lang='lat' dir='ltr'>sphaerica,</span> <span class='ocrx_word' id='word_1_240' title='bbox 847 3060 985 3122; x_wconf 87' lang='lat' dir='ltr'>brunnaa,</span> <span class='ocrx_word' id='word_1_241' title='bbox 1001 3057 1167 3114; x_wconf 81' lang='lat' dir='ltr'>diametro2</span> <span class='ocrx_word' id='word_1_242' title='bbox 1178 3061 1284 3117; x_wconf 89' lang='lat' dir='ltr'>milllm.</span> 
     </span>
     <span class='ocr_line' id='line_1_31' title="bbox 141 3144 1283 3216; baseline 0.008 -20"><span class='ocrx_word' id='word_1_243' title='bbox 141 3144 322 3216; x_wconf 88' lang='lat' dir='ltr'>adaequans,</span> <span class='ocrx_word' id='word_1_244' title='bbox 365 3147 446 3216; x_wconf 89' lang='lat' dir='ltr'>apice</span> <span class='ocrx_word' id='word_1_245' title='bbox 475 3147 802 3214; x_wconf 87' lang='lat' dir='ltr'>denticulato-lacera,</span> <span class='ocrx_word' id='word_1_246' title='bbox 842 3148 870 3202; x_wconf 92' lang='lat' dir='ltr'>iu</span> <span class='ocrx_word' id='word_1_247' title='bbox 899 3146 987 3200; x_wconf 84' lang='lat' dir='ltr'>tundo</span> <span class='ocrx_word' id='word_1_248' title='bbox 1017 3145 1155 3203; x_wconf 81' lang='lat' dir='ltr'>involucri</span> <span class='ocrx_word' id='word_1_249' title='bbox 1182 3152 1283 3207; x_wconf 88' lang='lat' dir='ltr'>sessili.</span> 
     </span>
     <span class='ocr_line' id='line_1_32' title="bbox 140 3231 1282 3306; baseline 0.005 -19"><span class='ocrx_word' id='word_1_250' title='bbox 140 3231 240 3303; x_wconf 79' lang='lat' dir='ltr'>Sporus</span> <span class='ocrx_word' id='word_1_251' title='bbox 258 3235 363 3300; x_wconf 89' lang='lat' dir='ltr'>lnscae,</span> <span class='ocrx_word' id='word_1_252' title='bbox 381 3235 787 3303; x_wconf 83' lang='lat' dir='ltr'>polygono-subienticulares,</span> <span class='ocrx_word' id='word_1_253' title='bbox 809 3235 937 3304; x_wconf 91' lang='lat' dir='ltr'>margine</span> <span class='ocrx_word' id='word_1_254' title='bbox 955 3235 1282 3306; x_wconf 79' lang='lat' dir='ltr'>calidiore-articulatae,</span> 
     </span>
     <span class='ocr_line' id='line_1_33' title="bbox 139 3313 1283 3394; baseline 0.009 -21"><span class='ocrx_word' id='word_1_255' title='bbox 139 3323 203 3384; x_wconf 70' lang='lat' dir='ltr'>om</span> <span class='ocrx_word' id='word_1_256' title='bbox 223 3323 328 3376; x_wconf 89' lang='lat' dir='ltr'>millim.</span> <span class='ocrx_word' id='word_1_257' title='bbox 347 3323 503 3379; x_wconf 88' lang='lat' dir='ltr'>metientes.</span> <span class='ocrx_word' id='word_1_258' title='bbox 540 3313 662 3380; x_wconf 65' lang='lat' dir='ltr'>mareu</span> <span class='ocrx_word' id='word_1_259' title='bbox 679 3325 808 3390; x_wconf 82' lang='lat' dir='ltr'>flexuosi,</span> <span class='ocrx_word' id='word_1_260' title='bbox 828 3322 1283 3394; x_wconf 85' lang='lat' dir='ltr'>attenuati,tamenobtusissimi,</span> 
     </span>
     <span class='ocr_line' id='line_1_34' title="bbox 139 3409 1032 3483; baseline 0.003 -21"><span class='ocrx_word' id='word_1_261' title='bbox 139 3409 248 3480; x_wconf 90' lang='lat' dir='ltr'>dispiri,</span> <span class='ocrx_word' id='word_1_262' title='bbox 267 3412 344 3466; x_wconf 90' lang='lat' dir='ltr'>libris</span> <span class='ocrx_word' id='word_1_263' title='bbox 364 3412 484 3466; x_wconf 92' lang='lat' dir='ltr'>utriculo</span> <span class='ocrx_word' id='word_1_264' title='bbox 503 3415 656 3483; x_wconf 88' lang='lat' dir='ltr'>conspicuo</span> <span class='ocrx_word' id='word_1_265' title='bbox 675 3414 823 3482; x_wconf 83' lang='lat' dir='ltr'>contiguis.</span> <span class='ocrx_word' id='word_1_266' title='bbox 842 3412 1032 3480; x_wconf 59' lang='lat' dir='ltr'>(Moutagnei</span> 
     </span>
    </p>

    <p class='ocr_par' dir='ltr' id='par_1_6' title="bbox 139 3499 1283 3662">
     <span class='ocr_line' id='line_1_35' title="bbox 211 3499 1283 3560; baseline 0.009 -10"><span class='ocrx_word' id='word_1_267' title='bbox 211 3499 423 3555; x_wconf 87' lang='lat' dir='ltr'>Inflorescentia</span> <span class='ocrx_word' id='word_1_268' title='bbox 449 3503 576 3557; x_wconf 88' lang='lat' dir='ltr'>mascula</span> <span class='ocrx_word' id='word_1_269' title='bbox 595 3503 764 3558; x_wconf 80' lang='lat' dir='ltr'>disciformis</span> <span class='ocrx_word' id='word_1_270' title='bbox 789 3502 819 3556; x_wconf 92' lang='lat' dir='ltr'>in</span> <span class='ocrx_word' id='word_1_271' title='bbox 845 3501 939 3555; x_wconf 89' lang='lat' dir='ltr'>media</span> <span class='ocrx_word' id='word_1_272' title='bbox 963 3499 1061 3553; x_wconf 82' lang='lat' dir='ltr'>fronde</span> <span class='ocrx_word' id='word_1_273' title='bbox 1087 3501 1212 3560; x_wconf 85' lang='lat' dir='ltr'>solitaria</span> <span class='ocrx_word' id='word_1_274' title='bbox 1238 3507 1283 3560; x_wconf 87' lang='lat' dir='ltr'>vel</span> 
     </span>
     <span class='ocr_line' id='line_1_36' title="bbox 139 3577 1227 3662; baseline 0.006 -23"><span class='ocrx_word' id='word_1_275' title='bbox 139 3585 243 3640; x_wconf 87' lang='lat' dir='ltr'>seriata</span> <span class='ocrx_word' id='word_1_276' title='bbox 261 3587 290 3643; x_wconf 92' lang='lat' dir='ltr'>in</span> <span class='ocrx_word' id='word_1_277' title='bbox 301 3589 388 3644; x_wconf 89' lang='lat' dir='ltr'>leone</span> <span class='ocrx_word' id='word_1_278' title='bbox 404 3590 521 3645; x_wconf 89' lang='lat' dir='ltr'>laudata</span> <span class='ocrx_word' id='word_1_279' title='bbox 539 3599 668 3662; x_wconf 88' lang='lat' dir='ltr'>apparet,</span> <span class='ocrx_word' id='word_1_280' title='bbox 688 3598 719 3647; x_wconf 89' lang='lat' dir='ltr'>ut</span> <span class='ocrx_word' id='word_1_281' title='bbox 737 3591 840 3662; x_wconf 84' lang='lat' dir='ltr'>Taylor</span> <span class='ocrx_word' id='word_1_282' title='bbox 858 3591 893 3646; x_wconf 93' lang='lat' dir='ltr'>de</span> <span class='ocrx_word' id='word_1_283' title='bbox 913 3589 993 3661; x_wconf 72' lang='lat' dir='ltr'>Plnq.</span> <span class='ocrx_word' id='word_1_284' title='bbox 1013 3577 1227 3646; x_wconf 59' lang='lat' dir='ltr'>limboto&#39;sffert.</span> 
     </span>
    </p>
   </div>
   <div class='ocr_carea' id='block_1_5' title="bbox 129 3730 1283 4175">
    <p class='ocr_par' dir='ltr' id='par_1_7' title="bbox 129 3730 1283 4175">
     <span class='ocr_line' id='line_1_37' title="bbox 337 3730 1081 3802; baseline 0.004 -19"><span class='ocrx_word' id='word_1_285' title='bbox 337 3734 365 3783; x_wconf 85' lang='lat' dir='ltr'>o.</span> <span class='ocrx_word' id='word_1_286' title='bbox 401 3730 714 3802; x_wconf 75' lang='lat' dir='ltr'>Plugtoclaususu</span> <span class='ocrx_word' id='word_1_287' title='bbox 731 3733 916 3788; x_wconf 69' lang='lat' dir='ltr'>audacie</span> <span class='ocrx_word' id='word_1_288' title='bbox 936 3731 971 3785; x_wconf 89' lang='lat' dir='ltr'>N.</span> <span class='ocrx_word' id='word_1_289' title='bbox 991 3732 1028 3786; x_wconf 87' lang='lat' dir='ltr'>ab</span> <span class='ocrx_word' id='word_1_290' title='bbox 1047 3732 1081 3786; x_wconf 81' lang='grc' dir='ltr'>Ε.</span> 
     </span>
     <span class='ocr_line' id='line_1_38' title="bbox 211 3833 1283 3910; baseline 0.004 -22"><span class='ocrx_word' id='word_1_291' title='bbox 211 3833 258 3888; x_wconf 78' lang='lat'>1²1.</span> <span class='ocrx_word' id='word_1_292' title='bbox 275 3834 376 3907; x_wconf 79' lang='lat' dir='ltr'>froude</span> <span class='ocrx_word' id='word_1_293' title='bbox 394 3834 614 3891; x_wconf 80' lang='lat' dir='ltr'>lineari-elocuto</span> <span class='ocrx_word' id='word_1_294' title='bbox 631 3839 703 3909; x_wconf 84' lang='lat' dir='ltr'>apice</span> <span class='ocrx_word' id='word_1_295' title='bbox 714 3836 797 3908; x_wconf 66' lang='lat' dir='ltr'>bifida</span> <span class='ocrx_word' id='word_1_296' title='bbox 809 3836 971 3910; x_wconf 66' lang='lat' dir='ltr'>submmpls&#39;rl</span> <span class='ocrx_word' id='word_1_297' title='bbox 991 3835 1081 3892; x_wconf 80' lang='lat' dir='ltr'>subtus</span> <span class='ocrx_word' id='word_1_298' title='bbox 1093 3847 1283 3910; x_wconf 61' lang='lat' dir='ltr'>awqrmpuseu</span> 
     </span>
     <span class='ocr_line' id='line_1_39' title="bbox 137 3919 1282 4000; baseline 0.004 -21"><span class='ocrx_word' id='word_1_299' title='bbox 137 3919 272 3990; x_wconf 65' lang='lat' dir='ltr'>nquam,</span> <span class='ocrx_word' id='word_1_300' title='bbox 296 3927 411 3996; x_wconf 61' lang='lat' dir='ltr'>mamis</span> <span class='ocrx_word' id='word_1_301' title='bbox 428 3925 589 3980; x_wconf 67' lang='lat' dir='ltr'>amicalibus</span> <span class='ocrx_word' id='word_1_302' title='bbox 605 3926 768 3982; x_wconf 80' lang='lat' dir='ltr'>semilaussts&#39;s</span> <span class='ocrx_word' id='word_1_303' title='bbox 786 3925 1126 3992; x_wconf 74' lang='lat' dir='ltr'>laureolam-acuminatis,</span> <span class='ocrx_word' id='word_1_304' title='bbox 1143 3928 1282 4000; x_wconf 75' lang='lat' dir='ltr'>fiuctibus</span> 
     </span>
     <span class='ocr_line' id='line_1_40' title="bbox 138 4009 1281 4088; baseline 0.009 -26"><span class='ocrx_word' id='word_1_305' title='bbox 138 4009 166 4062; x_wconf 86' lang='lat' dir='ltr'>irs</span> <span class='ocrx_word' id='word_1_306' title='bbox 175 4009 286 4080; x_wconf 86' lang='lat' dir='ltr'>frorulir</span> <span class='ocrx_word' id='word_1_307' title='bbox 302 4013 424 4068; x_wconf 69' lang='lat' dir='ltr'>cellariis</span> <span class='ocrx_word' id='word_1_308' title='bbox 440 4017 556 4078; x_wconf 76' lang='lat' dir='ltr'>mistis,</span> <span class='ocrx_word' id='word_1_309' title='bbox 571 4015 717 4087; x_wconf 75' lang='lat' dir='ltr'>pedunculo</span> <span class='ocrx_word' id='word_1_310' title='bbox 735 4015 882 4069; x_wconf 62' lang='lat' dir='ltr'>merirum</span> <span class='ocrx_word' id='word_1_311' title='bbox 900 4014 956 4070; x_wconf 72' lang='lat' dir='ltr'>buri</span> <span class='ocrx_word' id='word_1_312' title='bbox 972 4014 1098 4086; x_wconf 74' lang='lat' dir='ltr'>poleam,</span> <span class='ocrx_word' id='word_1_313' title='bbox 1122 4017 1281 4088; x_wconf 75' lang='lat' dir='ltr'>neaptumlo</span> 
     </span>
     <span class='ocr_line' id='line_1_41' title="bbox 129 4095 649 4175; baseline 0.015 -25"><span class='ocrx_word' id='word_1_314' title='bbox 129 4095 247 4166; x_wconf 74' lang='lat' dir='ltr'>smisso</span> <span class='ocrx_word' id='word_1_315' title='bbox 262 4097 352 4155; x_wconf 71' lang='grc' dir='ltr'>ωόῑιιε</span> <span class='ocrx_word' id='word_1_316' title='bbox 368 4103 437 4156; x_wconf 79' lang='lat' dir='ltr'>eudo</span> <span class='ocrx_word' id='word_1_317' title='bbox 454 4101 649 4175; x_wconf 69' lang='lat' dir='ltr'>(triloculuau).</span> 
     </span>
    </p>
   </div>
   <div class='ocr_carea' id='block_1_6' title="bbox 279 4191 1334 4334">
    <p class='ocr_par' dir='ltr' id='par_1_8' title="bbox 279 4191 1334 4334">
     <span class='ocr_line' id='line_1_42' title="bbox 279 4191 1334 4272; baseline 0.004 -29"><span class='ocrx_word' id='word_1_318' title='bbox 279 4191 409 4258; x_wconf 76' lang='lat' dir='ltr'>Fegsteils</span> <span class='ocrx_word' id='word_1_319' title='bbox 429 4196 546 4244; x_wconf 80' lang='lat' dir='ltr'>arretralis</span> <span class='ocrx_word' id='word_1_320' title='bbox 574 4191 675 4264; x_wconf 72' lang='lat' dir='ltr'>Taylor</span> <span class='ocrx_word' id='word_1_321' title='bbox 693 4191 763 4264; x_wconf 79' lang='lat' dir='ltr'>Hep-</span> <span class='ocrx_word' id='word_1_322' title='bbox 782 4200 895 4245; x_wconf 73' lang='lat' dir='ltr'>uniam.</span> <span class='ocrx_word' id='word_1_323' title='bbox 920 4191 948 4244; x_wconf 67' lang='grc' dir='ltr'>ἐκ</span> <span class='ocrx_word' id='word_1_324' title='bbox 967 4191 1050 4246; x_wconf 70' lang='lat' dir='ltr'>lond</span> <span class='ocrx_word' id='word_1_325' title='bbox 1068 4192 1165 4247; x_wconf 79' lang='lat' dir='ltr'>Jourrt.</span> <span class='ocrx_word' id='word_1_326' title='bbox 1183 4193 1218 4262; x_wconf 84' lang='lat' dir='ltr'>us</span> <span class='ocrx_word' id='word_1_327' title='bbox 1229 4193 1279 4247; x_wconf 85' lang='lat' dir='ltr'>lor.</span> <span class='ocrx_word' id='word_1_328' title='bbox 1328 4255 1334 4272; x_wconf 82' lang='lat'>.</span> 
     </span>
     <span class='ocr_line' id='line_1_43' title="bbox 347 4266 664 4334; baseline 0.016 -20"><span class='ocrx_word' id='word_1_329' title='bbox 347 4266 664 4334; x_wconf 64' lang='lat' dir='ltr'>1mpmam</span> 
     </span>
    </p>
   </div>
   <div class='ocr_carea' id='block_1_7' title="bbox 136 4346 1280 4602">
    <p class='ocr_par' dir='ltr' id='par_1_9' title="bbox 136 4346 1280 4602">
     <span class='ocr_line' id='line_1_44' title="bbox 209 4346 903 4422; baseline 0.01 -23"><span class='ocrx_word' id='word_1_330' title='bbox 209 4346 331 4404; x_wconf 84' lang='lat' dir='ltr'>Habitat</span> <span class='ocrx_word' id='word_1_331' title='bbox 348 4349 377 4404; x_wconf 97' lang='lat' dir='ltr'>in</span> <span class='ocrx_word' id='word_1_332' title='bbox 399 4350 482 4407; x_wconf 81' lang='lat' dir='ltr'>Nora</span> <span class='ocrx_word' id='word_1_333' title='bbox 500 4351 654 4408; x_wconf 81' lang='lat' dir='ltr'>Zeelandia</span> <span class='ocrx_word' id='word_1_334' title='bbox 672 4351 804 4422; x_wconf 83' lang='lat' dir='ltr'>(Hooker</span> <span class='ocrx_word' id='word_1_335' title='bbox 818 4353 903 4422; x_wconf 81' lang='lat' dir='ltr'>jun).</span> 
     </span>
     <span class='ocr_line' id='line_1_45' title="bbox 208 4435 1280 4511; baseline 0.007 -23"><span class='ocrx_word' id='word_1_336' title='bbox 208 4435 329 4492; x_wconf 70' lang='lat' dir='ltr'>Fronde</span> <span class='ocrx_word' id='word_1_337' title='bbox 353 4437 605 4508; x_wconf 88' lang='lat' dir='ltr'>subbipollicsres,</span> <span class='ocrx_word' id='word_1_338' title='bbox 634 4441 924 4506; x_wconf 81' lang='lat' dir='ltr'>lineari-eboratas,</span> <span class='ocrx_word' id='word_1_339' title='bbox 958 4441 1039 4511; x_wconf 82' lang='lat' dir='ltr'>spice</span> <span class='ocrx_word' id='word_1_340' title='bbox 1067 4439 1131 4495; x_wconf 89' lang='lat' dir='ltr'>sinu</span> <span class='ocrx_word' id='word_1_341' title='bbox 1160 4448 1280 4510; x_wconf 84' lang='lat' dir='ltr'>augusto</span> 
     </span>
     <span class='ocr_line' id='line_1_46' title="bbox 136 4520 1278 4602; baseline 0.009 -28"><span class='ocrx_word' id='word_1_342' title='bbox 136 4520 261 4592; x_wconf 81' lang='lat' dir='ltr'>divisae,</span> <span class='ocrx_word' id='word_1_343' title='bbox 289 4527 463 4596; x_wconf 84' lang='lat' dir='ltr'>marginibus</span> <span class='ocrx_word' id='word_1_344' title='bbox 489 4531 607 4586; x_wconf 80' lang='lat' dir='ltr'>elevatis</span> <span class='ocrx_word' id='word_1_345' title='bbox 632 4531 763 4588; x_wconf 82' lang='lat' dir='ltr'>sessionis</span> <span class='ocrx_word' id='word_1_346' title='bbox 782 4532 947 4602; x_wconf 87' lang='lat' dir='ltr'>purpureis;</span> <span class='ocrx_word' id='word_1_347' title='bbox 972 4530 1033 4599; x_wconf 87' lang='lat' dir='ltr'>pori</span> <span class='ocrx_word' id='word_1_348' title='bbox 1052 4530 1173 4600; x_wconf 86' lang='lat' dir='ltr'>paginae</span> <span class='ocrx_word' id='word_1_349' title='bbox 1192 4545 1278 4600; x_wconf 89' lang='lat' dir='ltr'>supe-</span> 
     </span>
    </p>
   </div>
   <div class='ocr_carea' id='block_1_8' title="bbox 1003 4653 1072 4698">
    <p class='ocr_par' dir='ltr' id='par_1_10' title="bbox 1003 4653 1072 4698">
     <span class='ocr_line' id='line_1_47' title="bbox 1003 4653 1072 4698; baseline -0.029 0"><span class='ocrx_word' id='word_1_350' title='bbox 1003 4653 1072 4698; x_wconf 73' lang='lat'>³³⁸</span> 
     </span>
    </p>
   </div>
   <div class='ocr_carea' id='block_1_9' title="bbox 0 0 1542 5086">
    <p class='ocr_par' dir='ltr' id='par_1_11' title="bbox 0 0 1542 5086">
     <span class='ocr_line' id='line_1_48' title="bbox 0 0 1542 5086; baseline 0 2"><span class='ocrx_word' id='word_1_351' title='bbox 0 0 1542 5086; x_wconf 95' lang='lat' dir='ltr'> </span> 
     </span>
    </p>
   </div>
  </div>
 </body>
</html>
