3060 5094
489 477 652 536 Gottsebea.
690 477 875 547 Plagioobila.
1200 487 1256 540 aas

111 657 205 706 aetate
222 650 252 706 iu
270 650 324 706 boo
342 648 441 705 ordine
459 655 526 706 sunt
543 649 697 721 proposita.
734 648 882 703 Aooedunt
900 645 1057 721 stupende,
1084 651 1134 707 sed
1153 652 1256 709 distin·

110 746 237 811 guantur
264 739 491 809 ampbiqastriis‚
519 755 593 810 qaae
620 740 698 794 biroe
724 739 838 792 desunt.
880 736 907 792 Α
936 736 1074 792 miralia
1099 739 1260 815 dipioplylla

111 829 228 894 reaedit,
247 827 377 885 loliorum
396 828 470 883 lobia
489 829 547 884 iere
568 843 659 899 usqne
678 828 714 883 ad
735 827 816 882 basin
837 825 983 894 diseretis,
1013 828 1143 898 apioibus
1162 847 1259 888 eorum

110 918 307 989 marginatis,
331 917 405 973 oiliis
429 918 564 987 marginis
589 917 719 987 pluribus
743 923 772 971 et
795 915 968 983 longioribus
995 916 1260 990 ampbigastriisque

111 1009 201 1078 magis
220 1007 379 1065 rotundatis
397 1007 621 1077 profundiusque
640 1005 742 1062 bltidis.
780 1004 897 1074 (Taylor
916 1005 934 1060 1.
954 1007 991 1071 ο.)

109 1149 139 1203 p.
157 1135 204 1188 22.
391 1134 433 1188 17.
472 1131 684 1189 tlottsoleeu
697 1129 984 1202 plumuttsolto.

110 1220 184 1277 adde
203 1237 280 1290 sym:
305 1222 509 1289 langermannia
529 1225 642 1289 ciliigern
668 1219 747 1294 Tuyl.
767 1220 838 1292 Hep.
861 1230 977 1275 1111111111.
1002 1222 1033 1275 ia
1058 1221 1143 1276 Loan
1161 1221 1259 1278 Jeurrr.

253 1309 288 1381 ⁰s
301 1307 351 1363 bot.
381 1311 460 1364 1814.
480 1327 511 1381 p.
529 1314 592 1364 370.
615 1328 642 1365 rr.
662 1315 689 1365 8.
725 1309 812 1364 Hori.
833 1308 926 1383 crypt.
945 1319 1059 1368 1111111111.
1086 1322 1106 1368 t.
1124 1318 1170 1370 63.
1180 1314 1211 1385 s.
1234 1319 1258 1370 1.

254 1397 348 1452 Raoul
364 1396 450 1453 Flora
469 1399 558 1454 Novae
576 1399 745 1456 Zeeiurrdiue.
763 1418 791 1472 p.
809 1404 855 1454 36.

111 1489 228 1544 Patriae
246 1487 352 1544 addas:
370 1488 486 1544 Insulae
505 1489 676 1546 Aueklundii
695 1490 768 1544 inter
787 1504 898 1544 museus
924 1489 1057 1559 (Hoolrer
1070 1492 1160 1560 jum).

109 1649 138 1703 n·
157 1636 203 1689 22
520 1629 844 1722 Plagioolnilru

109 1756 155 1812 sd
172 1755 280 1810 onlnem
299 1751 470 1809 characteris
488 1751 600 1821 generis
618 1752 724 1810 addas:

181 1845 266 1912 Quod
292 1844 329 1900 ad
356 1842 584 1899 distributionem
611 1841 828 1922 geogrepbioam
854 1841 1015 1914 specierum
1041 1842 1157 1910 attinet,
1187 1846 1258 1900 baec

109 1936 248 1992 babemus
266 1949 340 2004 quae
360 1932 540 1988 adiiciamus.
577 1931 659 1987 (loni.
678 1931 818 1986 Lindeub.
837 1931 922 2000 Speo.
940 1931 1015 2000 Hep.
1036 1932 1058 1984 1.
1077 1949 1106 2002 p.
1125 1933 1183 1988 XI.
1196 1950 1257 2006 sqq.

182 2023 299 2096 Speoies
317 2025 374 2078 iam
392 2023 524 2091 cognitae
544 2027 627 2088 sunt,
655 2019 760 2074 additis
787 2035 861 2089 quae
885 2019 915 2074 in
939 2021 1136 2089 supplemento
1162 2031 1259 2079 nostro

110 2115 350 2168 enumerabuntur
377 2113 511 2183 (quaram
536 2111 690 2166 nonnullae
714 2109 802 2164 dubio
827 2108 920 2164 adhue
939 2110 1082 2181 laborant)
1111 2116 1163 2166 100
1178 2121 1204 2172 ÷
1222 2121 1258 2172 89

110 2203 129 2256 1.
149 2220 174 2258 e.
197 2209 258 2260 180.

183 2291 321 2346 creseunt
345 2306 383 2346 ex
402 2291 446 2346 bis
469 2291 499 2345 tn
519 2290 633 2358 Europa
652 2293 670 2344 6
699 2288 832 2358 (quarum
851 2303 911 2342 una
930 2287 977 2342 Pl.
994 2289 1087 2358 eeipua
1104 2291 1258 2364 dnblosa);

109 2382 138 2436 iu
164 2380 236 2436 Asta
258 2386 296 2436 82
321 2381 354 2452 (i.
373 2396 399 2436 e.
427 2379 455 2435 ln
476 2381 632 2435 Peninsula
651 2379 717 2434 lnd.
736 2378 837 2434 orient.
861 2385 896 2447 7,
921 2379 950 2433 in
978 2379 1077 2434 lnsuls
1096 2381 1204 2450 Zeylon
1228 2389 1258 2451 2,

109 2472 139 2528 in
158 2471 234 2528 lava
256 2476 297 2536 19,
318 2470 347 2524 in
359 2469 466 2525 Insulis
477 2469 647 2539 Philippinis
663 2475 687 2535 l,
704 2469 733 2522 in
744 2470 850 2524 lnsnlis
861 2468 999 2524 Marianis
1011 2472 1057 2539 l);
1075 2469 1105 2525 in
1115 2472 1212 2528 Africa
1224 2479 1259 2528 12

109 2563 141 2632 (i.
161 2579 186 2618 e.
206 2564 234 2617 in
255 2561 368 2616 Gninea
386 2564 413 2624 2,
432 2559 461 2613 in
482 2559 679 2614 Promontorio
699 2559 799 2613 Bonae
817 2559 886 2628 Spei
906 2564 934 2624 2,
957 2558 986 2612 in
1006 2559 1111 2616 lusulia
1131 2563 1260 2620 Mauritii

110 2659 140 2707 et
159 2652 293 2707 Bonrbon
311 2656 339 2718 b,
357 2651 387 2704 in
405 2649 560 2718 Abyssiuia
580 2655 605 2716 l,
624 2649 654 2704 in
674 2649 772 2704 Nubia
792 2653 837 2720 l);
855 2649 885 2704 in
897 2648 1027 2703 Amorion
1043 2655 1258 2720 septentrionali

110 2747 223 2810 praeter
247 2741 319 2796 alias
344 2740 452 2809 aliquot
476 2739 539 2793 aliis
566 2738 648 2793 terris
674 2753 836 2793 communes
860 2744 894 2804 43
919 2738 949 2792 in
968 2739 1099 2795 Amorion
1123 2745 1258 2804 calidiore

109 2837 138 2886 ei
157 2838 316 2901 temperata
335 2835 370 2884 eo
388 2831 528 2900 (querum
552 2832 589 2883 26
612 2831 641 2882 in
667 2829 767 2883 Indiae
786 2828 970 2884 ooeidentelia
989 2829 1089 2885 insulis
1113 2833 1259 2904 dispersae

110 2928 187 2989 sunt,
206 2927 236 2976 ln
256 2937 342 2990 regno
354 2920 516 2986 bisalduno,
537 2919 661 2974 Perusia
680 2926 708 2974 et
726 2919 755 2972 iu
775 2918 925 2973 columbis
943 2923 979 2973 38
998 2931 1158 2990 oeonrrunt,
1172 2943 1257 2998 quae,

110 3010 151 3064 uti
179 3011 305 3081 reliquae
329 3011 409 3066 vario
428 3012 512 3066 modo
539 3017 568 3064 et
592 3010 620 3064 in
647 3009 710 3064 aliis
734 3010 882 3064 Amerioae
902 3009 1027 3080 tropicae
1045 3013 1173 3080 partibus
1192 3034 1256 3072 ore-

109 3105 228 3172 sount);
250 3102 282 3156 in
304 3101 452 3156 Amerieae
471 3099 554 3154 terris
572 3097 695 3154 maxime
721 3100 757 3153 ad
777 3100 872 3168 polum
894 3100 1047 3154 australem
1066 3106 1257 3176 vergentibus,

109 3191 171 3246 soil.
190 3191 227 3245 ad
246 3191 347 3246 fretum
359 3188 590 3259 Megellauionm,
609 3191 638 3244 in
653 3190 851 3256 Stantenlund‚
870 3189 932 3259 Cap
952 3190 1043 3256 Horu,
1062 3191 1256 3260 Kerguelens·

108 3280 177 3334 land
200 3282 347 3350 espeoies
371 3280 504 3334 inventae
529 3288 595 3334 sunt
619 3279 880 3348 (Megellaensland
904 3285 939 3345 3,
966 3279 1211 3350 Kerguelensland
1228 3291 1257 3354 2,

110 3371 172 3440 Cap
192 3371 272 3424 Horo
290 3371 341 3439 4);
367 3369 395 3423 in
416 3369 500 3423 Nova
522 3369 676 3423 Zeelandia
698 3373 749 3434 123
768 3369 798 3423 in
819 3369 902 3423 Nova
921 3369 1079 3424 Hollandia
1098 3377 1131 3438 83
1156 3373 1184 3427 in
1204 3376 1255 3430 In-

110 3460 179 3516 sulis
199 3458 371 3514 Auellandii
389 3463 424 3524 d;
448 3460 478 3512 ln
503 3459 609 3514 Insulis
635 3459 753 3513 Norlollr
780 3463 810 3523 13
844 3459 874 3512 in
899 3459 1007 3513 Insulis
1031 3460 1201 3532 Campbellii
1227 3470 1256 3532 l;

109 3549 138 3603 in
157 3549 265 3605 Insulis
284 3549 423 3603 Falkland
445 3553 477 3614 l;
496 3548 524 3602 in
541 3548 640 3604 Insula
659 3549 689 3602 S.
710 3547 839 3602 Helenae
861 3552 891 3614 l;
908 3548 938 3602 in
958 3549 1055 3604 Insula
1075 3550 1185 3606 Owuibi
1199 3557 1222 3606 1.

107 3690 137 3744 p.
156 3679 202 3729 24.
349 3675 405 3730 lb.
443 3675 702 3745 Pluqioelstlu
719 3676 894 3744 coquere
911 3673 1024 3742 Toylor.

182 3761 231 3820 Pl.
256 3763 329 3818 seule
353 3766 491 3836 caespitem
515 3773 599 3819 eructo
616 3762 789 3836 subsimpiiei,
805 3761 887 3836 soliis
914 3761 971 3816 lass
994 3763 1139 3820 imbricatis
1161 3781 1257 3823 erecto·

102 3854 258 3926 putentibus
282 3854 333 3907 late
356 3857 439 3908 bustis
463 3853 505 3908 orl
527 3853 782 3928 ellipsim-obierim}
799 3853 987 3908 aeunu'rrulotis
1000 3855 1197 3926 puueirleatutis
1214 3859 1259 3912 rie·

109 3943 273 3999 nrm-mulus
298 3943 355 3998 basi
377 3946 539 4012 attenuatis,
565 3945 684 4014 mospius
712 3945 845 3999 1111111111
871 3946 915 3998 aab
943 3962 1066 4010 reerrroo,
1095 3947 1260 4018 periuntbir's

109 4034 291 4088 terminalibus
324 4032 454 4090 inuoluere
491 4035 688 4108 subrepentibus
719 4035 838 4105 arrpusts's
875 4033 990 4105 obloupis
1015 4051 1114 4106 purum
1143 4038 1257 4092 ematis

109 4122 250 4191 bilubs'utir,
269 4124 345 4180 labiis
363 4125 518 4178 acuminatis
536 4124 774 4179 cibuto-deuiutis.

253 4219 457 4283 langermanni:
477 4231 584 4282 cognata
612 4215 713 4287 Ταμὼν
731 4214 803 4286 Hep.
822 4223 936 4268 aulerci.
960 4215 989 4268 s'n
1011 4214 1095 4268 Laud.
1112 4214 1209 4270 Journ.
1228 4217 1263 4288 ⁰s

318 4287 375 4411 bot.¹
381 4290 613 4428 4111ἱ1ε1ὼι173ζ33.
638 4307 664 4341 11.
687 4291 730 4341 13.
769 4287 876 4340 Haolrer
902 4285 994 4360 Crypt.
1018 4296 1132 4346 unieret.
1155 4307 1186 4360 p.
1213 4294 1259 4344 36.

317 4377 344 4412 a.
402 4399 408 4414 .
441 4397 447 4412 .
506 4398 513 4413 .
548 4400 554 4413 .
593 4397 600 4412 .

181 4448 304 4504 Habitat
322 4448 351 4503 in
371 4449 476 4504 Insulis
497 4449 645 4506 Anclrland
665 4449 694 4504 in
714 4451 793 4505 saxis
813 4449 915 4519 alpinis
932 4450 997 4518 (Dr.
1019 4451 1136 4506 lloolrer
1150 4453 1238 4520 jum).

182 4537 217 4592 ln
236 4538 301 4593 latis
320 4538 503 4607 caespitibus,
536 4541 685 4596 nonnullos
704 4541 820 4610 pollices
839 4540 976 4594 diametro
995 4538 1186 4607 metientibus,
1206 4555 1255 4594 su-

109 4643 195 4696 perne
225 4628 324 4698 gilvis,
352 4629 461 4684 inlerne
485 4637 611 4686 saturare
635 4631 722 4686 lusois
750 4630 860 4686 erescit.
904 4629 998 4684 Caeles
1024 4628 1074 4682 vix
1098 4629 1256 4702 pollueres,

958 4755 1000 4800 4⁰
