<?xml version="1.0" encoding="UTF-8"?>
<!DOCTYPE html PUBLIC "-//W3C//DTD XHTML 1.0 Transitional//EN"
    "http://www.w3.org/TR/xhtml1/DTD/xhtml1-transitional.dtd">
<html xmlns="http://www.w3.org/1999/xhtml" xml:lang="en" lang="en">
 <head>
  <title>
</title>
<meta http-equiv="Content-Type" content="text/html;charset=utf-8" />
  <meta name='ocr-system' content='tesseract 3.04.00' />
  <meta name='ocr-capabilities' content='ocr_page ocr_carea ocr_par ocr_line ocrx_word'/>
</head>
<body>
  <div class='ocr_page' id='page_1' title='image "./synopsishepatic00esengoog/synopsishepatic00esengoog_0635.png"; bbox 0 0 3060 5094; ppageno 0'>
   <div class='ocr_carea' id='block_1_1' title="bbox 595 951 1110 1294">
    <p class='ocr_par' dir='ltr' id='par_1_1' title="bbox 595 951 1110 1294">
     <span class='ocr_line' id='line_1_1' title="bbox 704 951 1026 1058; baseline 0.003 -2"><span class='ocrx_word' id='word_1_1' title='bbox 704 951 1026 1058; x_wconf 79' lang='lat' dir='ltr'><strong>TribusV.</strong></span> 
     </span>
     <span class='ocr_line' id='line_1_2' title="bbox 595 1143 1110 1294; baseline -0.004 0"><span class='ocrx_word' id='word_1_2' title='bbox 595 1143 1110 1294; x_wconf 78' lang='lat' dir='ltr'><strong>ltlccleuc.</strong></span> 
     </span>
    </p>
   </div>
   <div class='ocr_carea' id='block_1_2' title="bbox 280 1369 1435 2413">
    <p class='ocr_par' dir='ltr' id='par_1_2' title="bbox 280 1369 1435 2413">
     <span class='ocr_line' id='line_1_3' title="bbox 366 1369 1431 1476; baseline 0.008 -32"><span class='ocrx_word' id='word_1_3' title='bbox 366 1369 555 1448; x_wconf 79' lang='lat' dir='ltr'><strong>Lindenb.</strong></span> <span class='ocrx_word' id='word_1_4' title='bbox 584 1371 769 1476; x_wconf 82' lang='lat' dir='ltr'><strong>Monogr.</strong></span> <span class='ocrx_word' id='word_1_5' title='bbox 799 1375 914 1452; x_wconf 82' lang='lat' dir='ltr'><strong>Ricc.</strong></span> <span class='ocrx_word' id='word_1_6' title='bbox 940 1378 982 1450; x_wconf 81' lang='lat' dir='ltr'><strong>in</strong></span> <span class='ocrx_word' id='word_1_7' title='bbox 1002 1376 1093 1452; x_wconf 84' lang='lat' dir='ltr'><strong>Act.</strong></span> <span class='ocrx_word' id='word_1_8' title='bbox 1114 1376 1189 1451; x_wconf 85' lang='lat' dir='ltr'><strong>Ac.</strong></span> <span class='ocrx_word' id='word_1_9' title='bbox 1211 1376 1308 1452; x_wconf 83' lang='lat' dir='ltr'><strong>Nat.</strong></span> <span class='ocrx_word' id='word_1_10' title='bbox 1333 1377 1431 1454; x_wconf 84' lang='lat' dir='ltr'><strong>Cur.</strong></span> 
     </span>
     <span class='ocr_line' id='line_1_4' title="bbox 288 1483 1433 1594; baseline 0.01 -34"><span class='ocrx_word' id='word_1_11' title='bbox 288 1483 430 1564; x_wconf 90' lang='lat' dir='ltr'><strong>XVlll.</strong></span> <span class='ocrx_word' id='word_1_12' title='bbox 458 1499 493 1565; x_wconf 89' lang='lat'><strong>1.</strong></span> <span class='ocrx_word' id='word_1_13' title='bbox 514 1517 557 1590; x_wconf 84' lang='lat' dir='ltr'><strong>p.</strong></span> <span class='ocrx_word' id='word_1_14' title='bbox 581 1498 656 1566; x_wconf 80' lang='grc'><strong>365</strong></span> <span class='ocrx_word' id='word_1_15' title='bbox 680 1519 763 1592; x_wconf 81' lang='lat' dir='ltr'><strong>sqq.</strong></span> <span class='ocrx_word' id='word_1_16' title='bbox 815 1492 872 1567; x_wconf 90' lang='lat' dir='ltr'><strong>N.</strong></span> <span class='ocrx_word' id='word_1_17' title='bbox 898 1493 946 1568; x_wconf 78' lang='lat' dir='ltr'><strong>ab</strong></span> <span class='ocrx_word' id='word_1_18' title='bbox 973 1493 1025 1568; x_wconf 87' lang='lat' dir='ltr'><strong>E.</strong></span> <span class='ocrx_word' id='word_1_19' title='bbox 1053 1493 1156 1594; x_wconf 83' lang='lat' dir='ltr'><strong>Hep.</strong></span> <span class='ocrx_word' id='word_1_20' title='bbox 1175 1493 1272 1569; x_wconf 83' lang='lat' dir='ltr'><strong>Eur.</strong></span> <span class='ocrx_word' id='word_1_21' title='bbox 1295 1521 1339 1594; x_wconf 87' lang='lat' dir='ltr'><strong>p.</strong></span> <span class='ocrx_word' id='word_1_22' title='bbox 1368 1501 1433 1571; x_wconf 80' lang='lat'><strong>86.</strong></span> 
     </span>
     <span class='ocr_line' id='line_1_5' title="bbox 288 1602 1432 1705; baseline 0.01 -29"><span class='ocrx_word' id='word_1_23' title='bbox 288 1602 355 1676; x_wconf 91' lang='lat' dir='ltr'><strong>1V.</strong></span> <span class='ocrx_word' id='word_1_24' title='bbox 376 1632 420 1705; x_wconf 83' lang='lat' dir='ltr'><strong>p.</strong></span> <span class='ocrx_word' id='word_1_25' title='bbox 448 1604 610 1682; x_wconf 89' lang='lat' dir='ltr'><strong>XXXll.</strong></span> <span class='ocrx_word' id='word_1_26' title='bbox 637 1621 675 1684; x_wconf 83' lang='lat' dir='ltr'><strong>et</strong></span> <span class='ocrx_word' id='word_1_27' title='bbox 698 1617 787 1685; x_wconf 80' lang='grc'><strong>351.</strong></span> <span class='ocrx_word' id='word_1_28' title='bbox 814 1637 852 1684; x_wconf 80' lang='lat' dir='ltr'><strong>n.</strong></span> <span class='ocrx_word' id='word_1_29' title='bbox 879 1618 918 1686; x_wconf 82' lang='lat'><strong>4.</strong></span> <span class='ocrx_word' id='word_1_30' title='bbox 972 1611 1107 1688; x_wconf 71' lang='lat' dir='ltr'><strong>Lindi.</strong></span> <span class='ocrx_word' id='word_1_31' title='bbox 1127 1611 1279 1690; x_wconf 83' lang='lat' dir='ltr'><strong>Introd.</strong></span> <span class='ocrx_word' id='word_1_32' title='bbox 1306 1616 1366 1690; x_wconf 84' lang='lat' dir='ltr'><strong>cd.</strong></span> <span class='ocrx_word' id='word_1_33' title='bbox 1393 1625 1432 1690; x_wconf 78' lang='lat'><strong>2.</strong></span> 
     </span>
     <span class='ocr_line' id='line_1_6' title="bbox 281 1724 1431 1829; baseline 0.008 -33"><span class='ocrx_word' id='word_1_34' title='bbox 281 1747 324 1820; x_wconf 83' lang='lat' dir='ltr'><strong>p.</strong></span> <span class='ocrx_word' id='word_1_35' title='bbox 341 1729 430 1797; x_wconf 86' lang='grc'><strong>414.</strong></span> <span class='ocrx_word' id='word_1_36' title='bbox 484 1724 677 1827; x_wconf 76' lang='lat' dir='ltr'><strong>Biccltoff</strong></span> <span class='ocrx_word' id='word_1_37' title='bbox 694 1725 877 1829; x_wconf 83' lang='lat' dir='ltr'><strong>Monogr.</strong></span> <span class='ocrx_word' id='word_1_38' title='bbox 906 1729 1021 1804; x_wconf 85' lang='lat' dir='ltr'><strong>Ricc.</strong></span> <span class='ocrx_word' id='word_1_39' title='bbox 1048 1733 1090 1806; x_wconf 76' lang='lat' dir='ltr'><strong>in</strong></span> <span class='ocrx_word' id='word_1_40' title='bbox 1116 1729 1208 1806; x_wconf 81' lang='lat' dir='ltr'><strong>Act.</strong></span> <span class='ocrx_word' id='word_1_41' title='bbox 1231 1728 1307 1804; x_wconf 84' lang='lat' dir='ltr'><strong>Ac.</strong></span> <span class='ocrx_word' id='word_1_42' title='bbox 1328 1728 1431 1805; x_wconf 83' lang='lat' dir='ltr'><strong>Nat.</strong></span> 
     </span>
     <span class='ocr_line' id='line_1_7' title="bbox 290 1836 1432 1943; baseline 0.006 -28"><span class='ocrx_word' id='word_1_43' title='bbox 290 1836 384 1915; x_wconf 84' lang='lat' dir='ltr'><strong>Cur.</strong></span> <span class='ocrx_word' id='word_1_44' title='bbox 410 1837 545 1916; x_wconf 91' lang='lat' dir='ltr'><strong>XVlll.</strong></span> <span class='ocrx_word' id='word_1_45' title='bbox 574 1851 610 1920; x_wconf 89' lang='lat'><strong>1.</strong></span> <span class='ocrx_word' id='word_1_46' title='bbox 629 1869 673 1943; x_wconf 84' lang='lat' dir='ltr'><strong>p.</strong></span> <span class='ocrx_word' id='word_1_47' title='bbox 700 1853 789 1920; x_wconf 92' lang='grc'><strong>361.</strong></span> <span class='ocrx_word' id='word_1_48' title='bbox 844 1845 1069 1924; x_wconf 83' lang='lat' dir='ltr'><strong>Ricciacece</strong></span> <span class='ocrx_word' id='word_1_49' title='bbox 1089 1849 1302 1924; x_wconf 74' lang='lat' dir='ltr'><strong>Endlt&#39;clter</strong></span> <span class='ocrx_word' id='word_1_50' title='bbox 1329 1847 1432 1924; x_wconf 78' lang='lat' dir='ltr'><strong>Gen.</strong></span> 
     </span>
     <span class='ocr_line' id='line_1_8' title="bbox 280 1961 1435 2055; baseline 0.008 -23"><span class='ocrx_word' id='word_1_51' title='bbox 280 1983 324 2055; x_wconf 78' lang='lat' dir='ltr'><strong>p.</strong></span> <span class='ocrx_word' id='word_1_52' title='bbox 350 1964 401 2034; x_wconf 85' lang='grc'><strong>43</strong></span> <span class='ocrx_word' id='word_1_53' title='bbox 431 1969 469 2033; x_wconf 83' lang='lat' dir='ltr'><strong>et</strong></span> <span class='ocrx_word' id='word_1_54' title='bbox 501 1968 612 2040; x_wconf 83' lang='grc'><strong>1337.</strong></span> <span class='ocrx_word' id='word_1_55' title='bbox 646 1989 684 2038; x_wconf 78' lang='grc' dir='ltr'><strong>π.</strong></span> <span class='ocrx_word' id='word_1_56' title='bbox 711 1970 773 2041; x_wconf 83' lang='grc'><strong>17.</strong></span> <span class='ocrx_word' id='word_1_57' title='bbox 844 1961 1105 2040; x_wconf 78' lang='lat' dir='ltr'><strong>Corsiuiuccuc</strong></span> <span class='ocrx_word' id='word_1_58' title='bbox 1133 1977 1171 2041; x_wconf 86' lang='lat' dir='ltr'><strong>ct</strong></span> <span class='ocrx_word' id='word_1_59' title='bbox 1203 1963 1435 2042; x_wconf 83' lang='lat' dir='ltr'><strong>Riccioceae</strong></span> 
     </span>
     <span class='ocr_line' id='line_1_9' title="bbox 290 2071 1433 2180; baseline 0.008 -31"><span class='ocrx_word' id='word_1_60' title='bbox 290 2071 429 2152; x_wconf 82' lang='lat' dir='ltr'><strong>Cordo.</strong></span> <span class='ocrx_word' id='word_1_61' title='bbox 482 2077 709 2155; x_wconf 83' lang='lat' dir='ltr'><strong>Scutclliniu</strong></span> <span class='ocrx_word' id='word_1_62' title='bbox 725 2080 988 2180; x_wconf 73' lang='lat' dir='ltr'><strong>phialicarpr&#39;u</strong></span> <span class='ocrx_word' id='word_1_63' title='bbox 1020 2081 1144 2158; x_wconf 83' lang='lat' dir='ltr'><strong>Dum·</strong></span> <span class='ocrx_word' id='word_1_64' title='bbox 1171 2082 1433 2162; x_wconf 79' lang='lat' dir='ltr'><strong>Liclrenustra</strong></span> 
     </span>
     <span class='ocr_line' id='line_1_10' title="bbox 285 2195 1430 2298; baseline 0.007 -30"><span class='ocrx_word' id='word_1_65' title='bbox 285 2195 571 2295; x_wconf 72' lang='lat' dir='ltr'><strong>cryptoceplrala</strong></span> <span class='ocrx_word' id='word_1_66' title='bbox 601 2195 736 2272; x_wconf 84' lang='lat' dir='ltr'><strong>Wullr.</strong></span> <span class='ocrx_word' id='word_1_67' title='bbox 790 2197 1004 2298; x_wconf 77' lang='lat' dir='ltr'><strong>Hcputicue</strong></span> <span class='ocrx_word' id='word_1_68' title='bbox 1028 2201 1277 2278; x_wconf 76' lang='lat' dir='ltr'><strong>lichcncideoc</strong></span> <span class='ocrx_word' id='word_1_69' title='bbox 1304 2201 1430 2279; x_wconf 85' lang='lat' dir='ltr'><strong>DcC.</strong></span> 
     </span>
     <span class='ocr_line' id='line_1_11' title="bbox 285 2313 770 2413; baseline 0.014 -28"><span class='ocrx_word' id='word_1_70' title='bbox 285 2313 479 2412; x_wconf 82' lang='lat' dir='ltr'><strong>Algarum</strong></span> <span class='ocrx_word' id='word_1_71' title='bbox 505 2339 620 2413; x_wconf 76' lang='lat' dir='ltr'><strong>specu.</strong></span> <span class='ocrx_word' id='word_1_72' title='bbox 649 2314 770 2392; x_wconf 77' lang='lat' dir='ltr'><strong>Lina.</strong></span> 
     </span>
    </p>
   </div>
   <div class='ocr_carea' id='block_1_3' title="bbox 386 2448 1432 2556">
    <p class='ocr_par' dir='ltr' id='par_1_3' title="bbox 386 2448 1432 2556">
     <span class='ocr_line' id='line_1_12' title="bbox 386 2448 1432 2556; baseline 0.004 -34"><span class='ocrx_word' id='word_1_73' title='bbox 386 2449 550 2524; x_wconf 85' lang='lat' dir='ltr'><strong>Fructus</strong></span> <span class='ocrx_word' id='word_1_74' title='bbox 582 2448 743 2540; x_wconf 85' lang='lat' dir='ltr'><strong>evalvis,</strong></span> <span class='ocrx_word' id='word_1_75' title='bbox 776 2449 905 2526; x_wconf 83' lang='lat' dir='ltr'><strong>frondi</strong></span> <span class='ocrx_word' id='word_1_76' title='bbox 939 2453 998 2556; x_wconf 83' lang='lat' dir='ltr'><strong>vel</strong></span> <span class='ocrx_word' id='word_1_77' title='bbox 1025 2451 1234 2552; x_wconf 85' lang='lat' dir='ltr'><strong>impositus</strong></span> <span class='ocrx_word' id='word_1_78' title='bbox 1264 2451 1432 2551; x_wconf 87' lang='lat' dir='ltr'><strong>pcdicel-</strong></span> 
     </span>
    </p>
   </div>
   <div class='ocr_carea' id='block_1_4' title="bbox 279 2564 1430 3842">
    <p class='ocr_par' dir='ltr' id='par_1_4' title="bbox 279 2564 1430 3842">
     <span class='ocr_line' id='line_1_13' title="bbox 285 2564 1430 2655; baseline 0.004 -18"><span class='ocrx_word' id='word_1_79' title='bbox 285 2565 387 2639; x_wconf 88' lang='lat' dir='ltr'><strong>latus</strong></span> <span class='ocrx_word' id='word_1_80' title='bbox 407 2564 605 2655; x_wconf 83' lang='lat' dir='ltr'><strong>sessilisve,</strong></span> <span class='ocrx_word' id='word_1_81' title='bbox 626 2568 686 2642; x_wconf 85' lang='lat' dir='ltr'><strong>vel</strong></span> <span class='ocrx_word' id='word_1_82' title='bbox 706 2567 920 2644; x_wconf 90' lang='lat' dir='ltr'><strong>immersus.</strong></span> <span class='ocrx_word' id='word_1_83' title='bbox 955 2569 1202 2646; x_wconf 85' lang='lat' dir='ltr'><strong>lnvolucrum</strong></span> <span class='ocrx_word' id='word_1_84' title='bbox 1222 2593 1430 2644; x_wconf 87' lang='lat' dir='ltr'><strong>commune</strong></span> 
     </span>
     <span class='ocr_line' id='line_1_14' title="bbox 283 2681 1427 2788; baseline 0.004 -32"><span class='ocrx_word' id='word_1_85' title='bbox 283 2681 324 2758; x_wconf 88' lang='lat' dir='ltr'><strong>in</strong></span> <span class='ocrx_word' id='word_1_86' title='bbox 340 2683 517 2760; x_wconf 88' lang='lat' dir='ltr'><strong>Corsinia</strong></span> <span class='ocrx_word' id='word_1_87' title='bbox 533 2685 757 2784; x_wconf 83' lang='lat' dir='ltr'><strong>paleaceum</strong></span> <span class='ocrx_word' id='word_1_88' title='bbox 771 2684 1065 2787; x_wconf 77' lang='lat' dir='ltr'><strong>polyphyllum,</strong></span> <span class='ocrx_word' id='word_1_89' title='bbox 1083 2682 1243 2788; x_wconf 87' lang='lat' dir='ltr'><strong>reliquis</strong></span> <span class='ocrx_word' id='word_1_90' title='bbox 1255 2683 1427 2762; x_wconf 91' lang='lat' dir='ltr'><strong>nullum.</strong></span> 
     </span>
     <span class='ocr_line' id='line_1_15' title="bbox 284 2799 1429 2904; baseline 0.006 -32"><span class='ocrx_word' id='word_1_91' title='bbox 284 2799 533 2876; x_wconf 90' lang='lat' dir='ltr'><strong>lnvolucrum</strong></span> <span class='ocrx_word' id='word_1_92' title='bbox 560 2801 763 2904; x_wconf 90' lang='lat' dir='ltr'><strong>proprium</strong></span> <span class='ocrx_word' id='word_1_93' title='bbox 791 2802 878 2877; x_wconf 92' lang='lat' dir='ltr'><strong>aliis</strong></span> <span class='ocrx_word' id='word_1_94' title='bbox 905 2803 1188 2880; x_wconf 81' lang='lat' dir='ltr'><strong>utriculiforme</strong></span> <span class='ocrx_word' id='word_1_95' title='bbox 1211 2805 1323 2904; x_wconf 81' lang='lat' dir='ltr'>apice</span> <span class='ocrx_word' id='word_1_96' title='bbox 1342 2830 1429 2904; x_wconf 90' lang='lat' dir='ltr'><strong>per-</strong></span> 
     </span>
     <span class='ocr_line' id='line_1_16' title="bbox 282 2917 1428 3007; baseline 0.002 -13"><span class='ocrx_word' id='word_1_97' title='bbox 282 2917 474 3007; x_wconf 84' lang='lat' dir='ltr'><strong>foratum,</strong></span> <span class='ocrx_word' id='word_1_98' title='bbox 504 2917 592 2994; x_wconf 88' lang='lat' dir='ltr'><strong>aliis</strong></span> <span class='ocrx_word' id='word_1_99' title='bbox 620 2921 789 2995; x_wconf 90' lang='lat' dir='ltr'><strong>nullum.</strong></span> <span class='ocrx_word' id='word_1_100' title='bbox 843 2917 1108 2996; x_wconf 85' lang='lat' dir='ltr'><strong>Periunthium</strong></span> <span class='ocrx_word' id='word_1_101' title='bbox 1135 2923 1303 2996; x_wconf 88' lang='lat' dir='ltr'><strong>nullum.</strong></span> <span class='ocrx_word' id='word_1_102' title='bbox 1354 2921 1428 2996; x_wconf 88' lang='lat' dir='ltr'><strong>Ca·</strong></span> 
     </span>
     <span class='ocr_line' id='line_1_17' title="bbox 282 3034 1426 3138; baseline 0.003 -30"><span class='ocrx_word' id='word_1_103' title='bbox 282 3034 417 3136; x_wconf 86' lang='lat' dir='ltr'><strong>lyptra</strong></span> <span class='ocrx_word' id='word_1_104' title='bbox 430 3037 533 3138; x_wconf 85' lang='lat' dir='ltr'><strong>stylo</strong></span> <span class='ocrx_word' id='word_1_105' title='bbox 545 3050 792 3112; x_wconf 84' lang='lat' dir='ltr'><strong>evanescente</strong></span> <span class='ocrx_word' id='word_1_106' title='bbox 808 3050 1004 3112; x_wconf 85' lang='lat' dir='ltr'><strong>coronata.</strong></span> <span class='ocrx_word' id='word_1_107' title='bbox 1042 3037 1215 3137; x_wconf 87' lang='lat' dir='ltr'><strong>Capsula</strong></span> <span class='ocrx_word' id='word_1_108' title='bbox 1227 3038 1287 3112; x_wconf 87' lang='lat' dir='ltr'><strong>vel</strong></span> <span class='ocrx_word' id='word_1_109' title='bbox 1302 3037 1426 3114; x_wconf 85' lang='lat' dir='ltr'><strong>libera</strong></span> 
     </span>
     <span class='ocr_line' id='line_1_18' title="bbox 281 3152 1425 3254; baseline 0 -28"><span class='ocrx_word' id='word_1_110' title='bbox 281 3153 341 3227; x_wconf 84' lang='lat' dir='ltr'><strong>vel</strong></span> <span class='ocrx_word' id='word_1_111' title='bbox 367 3154 569 3254; x_wconf 86' lang='lat' dir='ltr'><strong>calyptrae</strong></span> <span class='ocrx_word' id='word_1_112' title='bbox 586 3160 762 3243; x_wconf 87' lang='lat' dir='ltr'><strong>connata,</strong></span> <span class='ocrx_word' id='word_1_113' title='bbox 788 3155 960 3254; x_wconf 86' lang='lat' dir='ltr'><strong>globosa,</strong></span> <span class='ocrx_word' id='word_1_114' title='bbox 986 3152 1250 3253; x_wconf 79' lang='lat' dir='ltr'><strong>irregulariter</strong></span> <span class='ocrx_word' id='word_1_115' title='bbox 1265 3152 1425 3228; x_wconf 88' lang='lat' dir='ltr'><strong>demum</strong></span> 
     </span>
     <span class='ocr_line' id='line_1_19' title="bbox 282 3270 1426 3370; baseline 0 -26"><span class='ocrx_word' id='word_1_116' title='bbox 282 3296 478 3370; x_wconf 88' lang='lat' dir='ltr'><strong>rumpens.</strong></span> <span class='ocrx_word' id='word_1_117' title='bbox 537 3271 708 3348; x_wconf 87' lang='lat' dir='ltr'><strong>Elateres</strong></span> <span class='ocrx_word' id='word_1_118' title='bbox 738 3272 851 3346; x_wconf 92' lang='lat' dir='ltr'><strong>nulli.</strong></span> <span class='ocrx_word' id='word_1_119' title='bbox 904 3270 1058 3346; x_wconf 82' lang='lat' dir='ltr'><strong>Semina</strong></span> <span class='ocrx_word' id='word_1_120' title='bbox 1092 3272 1290 3370; x_wconf 81' lang='lat' dir='ltr'><strong>angulosa.</strong></span> <span class='ocrx_word' id='word_1_121' title='bbox 1348 3273 1426 3344; x_wconf 86' lang='lat' dir='ltr'><strong>An·</strong></span> 
     </span>
     <span class='ocr_line' id='line_1_20' title="bbox 281 3386 1424 3478; baseline -0.002 -17"><span class='ocrx_word' id='word_1_122' title='bbox 281 3389 410 3465; x_wconf 90' lang='lat' dir='ltr'><strong>therae</strong></span> <span class='ocrx_word' id='word_1_123' title='bbox 431 3388 518 3464; x_wconf 90' lang='lat' dir='ltr'><strong>aliis</strong></span> <span class='ocrx_word' id='word_1_124' title='bbox 532 3413 746 3476; x_wconf 90' lang='lat' dir='ltr'><strong>monoecae,</strong></span> <span class='ocrx_word' id='word_1_125' title='bbox 772 3388 859 3463; x_wconf 87' lang='lat' dir='ltr'><strong>aliis</strong></span> <span class='ocrx_word' id='word_1_126' title='bbox 875 3386 1042 3478; x_wconf 88' lang='lat' dir='ltr'><strong>dioecae,</strong></span> <span class='ocrx_word' id='word_1_127' title='bbox 1063 3387 1192 3463; x_wconf 83' lang='lat' dir='ltr'><strong>frondi</strong></span> <span class='ocrx_word' id='word_1_128' title='bbox 1210 3388 1424 3476; x_wconf 83' lang='lat' dir='ltr'><strong>immersae,</strong></span> 
     </span>
     <span class='ocr_line' id='line_1_21' title="bbox 280 3503 1424 3607; baseline -0.003 -26"><span class='ocrx_word' id='word_1_129' title='bbox 280 3505 430 3581; x_wconf 90' lang='lat' dir='ltr'><strong>orificio</strong></span> <span class='ocrx_word' id='word_1_130' title='bbox 455 3507 669 3583; x_wconf 88' lang='lat' dir='ltr'><strong>excretorio</strong></span> <span class='ocrx_word' id='word_1_131' title='bbox 695 3507 735 3583; x_wconf 92' lang='lat' dir='ltr'><strong>iu</strong></span> <span class='ocrx_word' id='word_1_132' title='bbox 761 3503 909 3584; x_wconf 84' lang='lat' dir='ltr'><strong>frondis</strong></span> <span class='ocrx_word' id='word_1_133' title='bbox 933 3505 1139 3604; x_wconf 86' lang='lat' dir='ltr'><strong>superficie</strong></span> <span class='ocrx_word' id='word_1_134' title='bbox 1165 3503 1424 3607; x_wconf 83' lang='lat' dir='ltr'><strong>papilliformi</strong></span> 
     </span>
     <span class='ocr_line' id='line_1_22' title="bbox 280 3622 1422 3725; baseline 0 -27"><span class='ocrx_word' id='word_1_135' title='bbox 280 3637 349 3700; x_wconf 85' lang='lat' dir='ltr'><strong>aut</strong></span> <span class='ocrx_word' id='word_1_136' title='bbox 386 3624 743 3702; x_wconf 86' lang='lat' dir='ltr'><strong>conice-subulato.</strong></span> <span class='ocrx_word' id='word_1_137' title='bbox 796 3622 1022 3725; x_wconf 85' lang='lat' dir='ltr'><strong>Propagula</strong></span> <span class='ocrx_word' id='word_1_138' title='bbox 1058 3625 1346 3725; x_wconf 78' lang='lat' dir='ltr'><strong>conglomerata</strong></span> <span class='ocrx_word' id='word_1_139' title='bbox 1381 3625 1422 3698; x_wconf 89' lang='lat' dir='ltr'><strong>in</strong></span> 
     </span>
     <span class='ocr_line' id='line_1_23' title="bbox 279 3744 474 3842; baseline 0.005 -25"><span class='ocrx_word' id='word_1_140' title='bbox 279 3744 474 3842; x_wconf 86' lang='lat' dir='ltr'><strong>pluribus.</strong></span> 
     </span>
    </p>
   </div>
   <div class='ocr_carea' id='block_1_5' title="bbox 278 3875 1423 4331">
    <p class='ocr_par' dir='ltr' id='par_1_5' title="bbox 278 3875 1423 4331">
     <span class='ocr_line' id='line_1_24' title="bbox 380 3875 1423 3978; baseline 0 -30"><span class='ocrx_word' id='word_1_141' title='bbox 380 3877 581 3978; x_wconf 79' lang='lat' dir='ltr'><strong>vegetatio</strong></span> <span class='ocrx_word' id='word_1_142' title='bbox 607 3875 800 3966; x_wconf 86' lang='lat' dir='ltr'><strong>frondosa,</strong></span> <span class='ocrx_word' id='word_1_143' title='bbox 826 3875 1023 3964; x_wconf 87' lang='lat' dir='ltr'><strong>cellulosa,</strong></span> <span class='ocrx_word' id='word_1_144' title='bbox 1045 3875 1316 3963; x_wconf 83' lang='lat' dir='ltr'><strong>crassiuscula,</strong></span> <span class='ocrx_word' id='word_1_145' title='bbox 1344 3875 1423 3974; x_wconf 86' lang='lat' dir='ltr'><strong>epi·</strong></span> 
     </span>
     <span class='ocr_line' id='line_1_25' title="bbox 279 3993 1423 4093; baseline 0 -25"><span class='ocrx_word' id='word_1_146' title='bbox 279 3994 452 4070; x_wconf 86' lang='lat' dir='ltr'><strong>dermide</strong></span> <span class='ocrx_word' id='word_1_147' title='bbox 497 3993 681 4070; x_wconf 87' lang='lat' dir='ltr'><strong>distincta</strong></span> <span class='ocrx_word' id='word_1_148' title='bbox 725 4005 926 4093; x_wconf 87' lang='lat' dir='ltr'><strong>stratoque</strong></span> <span class='ocrx_word' id='word_1_149' title='bbox 970 3994 1183 4068; x_wconf 85' lang='lat' dir='ltr'><strong>cavitatum</strong></span> <span class='ocrx_word' id='word_1_150' title='bbox 1220 3997 1423 4069; x_wconf 65' lang='lat' dir='ltr'><strong>aerearum</strong></span> 
     </span>
     <span class='ocr_line' id='line_1_26' title="bbox 278 4109 1423 4213; baseline 0 -27"><span class='ocrx_word' id='word_1_151' title='bbox 278 4109 510 4212; x_wconf 90' lang='lat' dir='ltr'><strong>epidermidi</strong></span> <span class='ocrx_word' id='word_1_152' title='bbox 541 4111 583 4186; x_wconf 91' lang='lat' dir='ltr'><strong>in</strong></span> <span class='ocrx_word' id='word_1_153' title='bbox 615 4110 851 4213; x_wconf 86' lang='lat' dir='ltr'><strong>quibusdam</strong></span> <span class='ocrx_word' id='word_1_154' title='bbox 885 4111 1060 4187; x_wconf 90' lang='lat' dir='ltr'><strong>subiecto</strong></span> <span class='ocrx_word' id='word_1_155' title='bbox 1088 4109 1283 4210; x_wconf 88' lang='lat' dir='ltr'><strong>praedita,</strong></span> <span class='ocrx_word' id='word_1_156' title='bbox 1317 4125 1423 4186; x_wconf 86' lang='lat' dir='ltr'><strong>arcte</strong></span> 
     </span>
     <span class='ocr_line' id='line_1_27' title="bbox 280 4226 1086 4331; baseline 0.001 -28"><span class='ocrx_word' id='word_1_157' title='bbox 280 4254 427 4331; x_wconf 89' lang='lat' dir='ltr'><strong>repens,</strong></span> <span class='ocrx_word' id='word_1_158' title='bbox 454 4229 593 4305; x_wconf 89' lang='lat' dir='ltr'><strong>subtus</strong></span> <span class='ocrx_word' id='word_1_159' title='bbox 618 4230 797 4304; x_wconf 89' lang='lat' dir='ltr'><strong>concolor</strong></span> <span class='ocrx_word' id='word_1_160' title='bbox 823 4230 883 4303; x_wconf 84' lang='lat' dir='ltr'><strong>rel</strong></span> <span class='ocrx_word' id='word_1_161' title='bbox 909 4226 1086 4304; x_wconf 86' lang='lat' dir='ltr'><strong>disoolor.</strong></span> 
     </span>
    </p>
   </div>
   <div class='ocr_carea' id='block_1_6' title="bbox 278 4361 1420 4581">
    <p class='ocr_par' dir='ltr' id='par_1_6' title="bbox 278 4361 1420 4581">
     <span class='ocr_line' id='line_1_28' title="bbox 377 4361 1420 4450; baseline -0.001 -13"><span class='ocrx_word' id='word_1_162' title='bbox 377 4361 583 4437; x_wconf 87' lang='lat' dir='ltr'><strong>Plantulae</strong></span> <span class='ocrx_word' id='word_1_163' title='bbox 621 4375 816 4436; x_wconf 88' lang='lat' dir='ltr'><strong>terrestres</strong></span> <span class='ocrx_word' id='word_1_164' title='bbox 853 4362 1062 4450; x_wconf 88' lang='lat' dir='ltr'><strong>limicolae‚</strong></span> <span class='ocrx_word' id='word_1_165' title='bbox 1106 4362 1313 4450; x_wconf 76' lang='lat' dir='ltr'><strong>auricolae,</strong></span> <span class='ocrx_word' id='word_1_166' title='bbox 1351 4377 1420 4437; x_wconf 87' lang='lat' dir='ltr'><strong>aut</strong></span> 
     </span>
     <span class='ocr_line' id='line_1_29' title="bbox 278 4479 1417 4581; baseline 0.002 -30"><span class='ocrx_word' id='word_1_167' title='bbox 278 4479 475 4578; x_wconf 79' lang='lat' dir='ltr'><strong>aquatiles</strong></span> <span class='ocrx_word' id='word_1_168' title='bbox 504 4493 678 4555; x_wconf 90' lang='lat' dir='ltr'><strong>natantes</strong></span> <span class='ocrx_word' id='word_1_169' title='bbox 705 4480 997 4578; x_wconf 91' lang='lat' dir='ltr'><strong>fluitantesque,</strong></span> <span class='ocrx_word' id='word_1_170' title='bbox 1027 4481 1234 4581; x_wconf 89' lang='lat' dir='ltr'><strong>pleraeque</strong></span> <span class='ocrx_word' id='word_1_171' title='bbox 1255 4507 1417 4556; x_wconf 88' lang='lat' dir='ltr'><strong>annuae.</strong></span> 
     </span>
    </p>
   </div>
   <div class='ocr_carea' id='block_1_7' title="bbox 0 0 1534 5094">
    <p class='ocr_par' dir='ltr' id='par_1_7' title="bbox 0 0 1534 5094">
     <span class='ocr_line' id='line_1_30' title="bbox 0 0 1534 5094; baseline 0 3"><span class='ocrx_word' id='word_1_172' title='bbox 0 0 1534 5094; x_wconf 95' lang='lat' dir='ltr'><strong> </strong></span> 
     </span>
    </p>
   </div>
  </div>
 </body>
</html>
