3110 5084
726 445 939 515 Obiloecyplrus.

316 657 318 662 .
481 623 522 672 19.
564 616 841 689 distinemur!
860 615 1019 672 ludiim
1039 613 1076 668 N.
1096 615 1132 668 ab
1148 615 1182 668 Β.

335 706 383 761 ot.
402 709 474 759 ceute
489 706 672 778 procumbente
690 723 801 771 rumoso,
811 704 892 775 soliis
909 702 1139 758 rnuieertieetibur
1159 703 1406 758 mue-uacuum

260 794 441 850 rubuudulett'r
459 793 515 849 buri
532 795 729 848 decernentibus
746 796 819 866 epioe
836 791 1184 863 “suspirante-bidentatr‘n
1208 792 1405 864 anrpbipuslriir

260 885 289 938 ia
304 882 373 951 solii
397 884 543 952 meruissem
569 887 711 938 omtmlem
735 883 930 938 decurrentibus
953 874 1254 954 quadri-rexdeu‘tclle,
1284 881 1404 938 deam

260 973 351 1026 aseritis
369 957 629 1042 maioribussfruetu
650 1011 657 1026 .
678 1015 685 1030 .
709 1013 715 1026 .

403 1064 606 1129 iungermeuuia
630 1062 717 1112 lucida
744 1061 778 1114 L.
805 1070 830 1113 et
848 1059 900 1130 Lq.
927 1059 955 1112 r'tt
978 1057 1068 1114 Letm.
1089 1059 1162 1130 Pup.
1182 1061 1223 1132 pt.
1243 1058 1280 1116 V.
1304 1059 1403 1130 (1833)

465 1151 495 1205 p.
514 1137 541 1186 2.
560 1150 587 1185 a.
606 1137 633 1186 2.
673 1131 797 1185 Gottrcbe
816 1131 857 1185 Ie.
877 1131 948 1202 Hep.
968 1131 1037 1185 iued.

332 1219 452 1274 Habitat
469 1220 500 1274 in
521 1219 717 1275 Promontorio
739 1221 837 1274 bonae
856 1219 924 1288 Spei
950 1219 1071 1288 (licklon
1090 1217 1119 1272 ln
1139 1217 1197 1272 Hb.
1216 1219 1266 1285 Ia,
1295 1217 1404 1289 Zeylrer

259 1307 288 1362 in
309 1307 366 1362 Hb.
386 1309 479 1380 imp).

332 1396 423 1452 Cauiis
441 1398 630 1452 sexlinearis·
641 1397 799 1468 polliceris,
818 1395 1021 1465 procumbens,
1049 1391 1199 1460 flaccidas,
1219 1397 1328 1452 ramulo
1346 1413 1404 1452 nno

261 1485 384 1550 atterere
411 1487 575 1542 instructus.
612 1485 693 1541 Folio
717 1484 948 1552 semirerticalla,
976 1491 1085 1540 orato-
1101 1485 1273 1550 lanceolata,
1303 1501 1319 1539 c
1343 1485 1404 1539 basi

261 1574 359 1629 latiore
378 1575 544 1632 decurrente
570 1575 679 1645 apicem
698 1591 796 1631 versus
815 1581 982 1643 angustata,
1000 1575 1126 1642 margine
1143 1574 1308 1642 praesertim
1333 1590 1404 1630 ren-

260 1663 324 1716 trali
339 1665 486 1728 undulata,
506 1681 617 1720 sursum
631 1665 874 1732 subconnireutiu,
894 1663 975 1734 apice
985 1664 1098 1729 inflexa,
1115 1665 1217 1720 obtuse
1230 1663 1406 1732 cmarginuta

261 1751 304 1804 vel
323 1751 487 1820 bidentata,
505 1753 590 1808 deute
608 1754 763 1823 posteriore
781 1754 948 1824 plerumque
967 1759 1065 1818 acuto,
1085 1751 1174 1807 altero
1191 1752 1309 1818 obtuso,
1331 1769 1405 1807 non-

261 1855 415 1910 numquam
429 1850 523 1897 tamen
540 1849 658 1913 utroque
670 1844 713 1899 rel
725 1847 809 1896 acuto
820 1842 863 1896 vel
873 1841 984 1906 obtuso,
1000 1839 1199 1905 iuscescentla,
1213 1840 1405 1898 nitidiuscula.

262 1928 464 2001 Ampbipestrio
484 1938 578 1996 orata,
597 1931 693 1993 bitida.
712 1929 838 2000 margine
856 1930 988 1984 dentibus
1006 1934 1076 1984 2.4
1094 1929 1258 2000 pluribusve
1272 1931 1405 1986 brevibus

241 2017 405 2086 instructa,
424 2038 489 2076 cum
509 2020 583 2076 toliis
601 2021 712 2076 coalita.
751 2020 832 2074 Retia
849 2019 960 2075 areolae
982 2019 1075 2082 laxae,
1094 2018 1239 2072 rotundae.

334 2107 416 2163 Obs.
453 2109 552 2164 Affinis
572 2109 743 2183 Ctilorrypbo
767 2109 879 2170 coalito,
906 2108 955 2163 sed
981 2108 1074 2161 differt
1092 2106 1164 2162 loliis
1190 2106 1362 2174 longioribus
1389 2125 1405 2162 e

261 2193 323 2248 basi
341 2197 433 2253 latiori
453 2198 609 2268 angustatis
629 2198 756 2267 margine
775 2197 919 2266 superiore
938 2195 1082 2250 undulatis
1108 2195 1188 2264 apice
1206 2195 1318 2251 intlexis
1336 2198 1402 2252 bre-

261 2283 324 2338 vius
348 2285 517 2354 bidentatis,
549 2287 682 2343 dentibus
707 2287 782 2341 baud
807 2303 871 2342 raro
894 2286 1045 2349 obsoletis,
1080 2285 1289 2355 ampbigastrlis
1314 2287 1406 2342 oratis

262 2371 369 2439 bifidis,
399 2375 532 2432 dentibus
555 2376 719 2431 lateralibus
746 2375 854 2430 scilicet
879 2375 967 2431 multo
992 2374 1176 2430 brevioribus.
1220 2375 1406 2448 Obiloecppirur

261 2479 389 2532 expuatur
398 2466 430 2518 1..
443 2473 471 2521 et
480 2468 531 2536 [ις.
546 2464 620 2522 tollis
630 2465 805 2522 brevioribus
814 2463 1003 2533 integerrimis
1015 2463 1132 2535 ullisque
1143 2464 1217 2520 uotis
1226 2463 1404 2520 discernitur.

433 2583 479 2637 20.
518 2578 794 2652 vssrowyprrue
812 2578 1064 2635 combinatus
1087 2577 1123 2631 N.
1142 2577 1179 2631 ab
1198 2579 1230 2632 Ε.

333 2663 381 2720 Oh.
401 2671 476 2767 ruffe
492 2680 599 2740 repente
617 2668 772 2734 rubrumoso,
782 2667 863 2740 foliis
880 2665 1086 2722 borizoatnie‘brte
1103 2667 1406 2739 cocto-euueisormibue

257 2751 348 2822 planu
371 2756 444 2828 apice
469 2757 823 2829 emurpinato-trideatutis,
849 2756 1045 2830 empiriyasteu'is
1069 2757 1098 2810 iu
1106 2755 1177 2825 solii
1192 2757 1337 2827 marpinem
1355 2775 1403 2810 ess-

257 2849 333 2910 puste
342 2843 538 2901 decurrentibus
548 2845 644 2918 bifidis,
661 2845 764 2900 ieebsiie
773 2845 863 2900 iucira'r
873 2845 1063 2918 (pinumque)
1075 2845 1236 2912 tridentote'r,
1247 2845 1364 2916 fructu.
1378 2882 1403 2898 ..

403 2937 606 3002 Juugermsnnie
632 2936 780 2986 combinata
805 2933 843 2988 N.
861 2933 894 2987 ab
915 2933 952 2988 E.
977 2934 1007 2986 t'rt
1032 2933 1119 2987 Muri.
1145 2933 1192 2989 Fi.
1217 2933 1299 2988 Bm.
1327 2933 1350 2988 1.
1380 2939 1402 2987 l.

464 3023 494 3076 p.
518 3010 581 3060 333.
599 3009 663 3061 334.
687 3023 715 3060 u.
746 3009 788 3061 lb.
826 3005 898 3078 Hep.
923 3005 986 3059 deo.
1005 3023 1035 3077 p.
1061 3009 1107 3060 22.
1132 3023 1158 3059 re.
1184 3009 1229 3060 22.
1279 3005 1404 3060 Gottsebr

470 3077 510 3131 lc.
530 3077 602 3148 Hep.
624 3078 694 3132 ised.

320 3165 348 3230 β,
367 3165 491 3230 emor,
512 3167 580 3216 loliis
599 3167 761 3218 brevioribus
780 3168 852 3236 apice
871 3166 1076 3228 tridenticulatis,
1094 3167 1284 3234 empbigestriis
1303 3165 1403 3217 distau-

370 3238 436 3286 tlbus
455 3251 560 3304 anguste
581 3236 779 3289 decurrentibus
797 3239 896 3289 laciniis
915 3239 1128 3289 cilinio-tri-rel
1148 3237 1359 3305 quadrideutatis.

318 3340 348 3391 γ,
367 3325 436 3376 loliis
456 3327 565 3378 novellis
585 3325 722 3377 bidentatis
740 3327 781 3378 rel
799 3325 1000 3378 subtrideutatis.

330 3413 453 3468 Habitat
469 3412 499 3467 in
518 3413 658 3468 llrasiliae
676 3412 704 3468 in
724 3414 810 3468 Serra
828 3413 865 3468 de
883 3413 1005 3468 Estrella
1024 3411 1098 3466 etin
1119 3411 1206 3467 ldinls
1224 3411 1403 3481 generalibus

260 3503 396 3568 (Martius
415 3503 443 3558 in
463 3502 521 3557 Hb.
543 3501 609 3574 N.);
634 3503 662 3557 iu
680 3501 755 3556 Jara
772 3501 880 3568 insula,
898 3503 971 3557 inter
988 3515 1098 3557 muscos
1116 3499 1240 3570 (blame,
1260 3501 1319 3557 lib.
1338 3501 1403 3570 N.);

259 3591 288 3644 in
307 3594 394 3648 Terra
411 3608 466 3648 rau
487 3591 607 3646 Diemeu
627 3591 776 3660 (d'Urrille
793 3589 823 3644 in
844 3590 902 3646 Hb.
921 3589 963 3645 bt.
982 3598 1011 3645 et
1029 3589 1090 3658 ib).

332 3679 440 3736 Similis
452 3679 623 3754 Cbiioseyplo
640 3689 743 3750 erputo,
762 3679 812 3735 sed
827 3679 921 3735 differt
935 3679 1068 3735 dentibus
1080 3677 1209 3734 loliorum
1222 3677 1403 3752 paucioribus

260 3767 427 3836 profundius
452 3767 552 3824 divisis
579 3774 609 3823 et
638 3769 849 3839 amphigastriis
876 3770 960 3838 louge
988 3769 1062 3823 aliis.
1109 3767 1229 3823 Plantae
1250 3765 1403 3823 iurauicae

258 3855 505 3913 ailrasilieusibus
524 3858 618 3912 colore
636 3857 783 3927 pallidiore
803 3864 832 3912 et
851 3857 993 3928 rigiditate
1011 3859 1134 3928 quadam
1147 3858 1291 3914 recedunt.
1329 3859 1401 3914 Am·

254 3943 407 4015 pbipeetrr'e
431 3947 461 4001 in
487 3945 675 4002 adultioribus
699 3947 804 4016 plantis
828 3947 1137 4016 marginata-bifida,
1166 3945 1277 4002 laciniis
1301 3947 1403 4008 bifidis.

257 4046 376 4101 quarum
396 4034 485 4088 altera
505 4050 555 4089 seu
575 4033 691 4091 interior
709 4037 793 4089 etiam
813 4035 914 4102 bifida,
941 4036 1072 4091 lacinulis
1096 4035 1250 4102 subtristis,
1279 4035 1404 4092 exterior

257 4120 391 4175 subulata
410 4124 445 4176 nd
465 4123 601 4178 ambitum
620 4131 767 4178 externum
787 4124 920 4181 dentibus
937 4125 1028 4181 tribus
1051 4131 1101 4180 aut
1118 4131 1241 4197 quatuor
1262 4123 1403 4179 subulatis

258 4209 396 4278 praedita.
420 4211 589 4266 iuvenilium
600 4214 773 4268 surculorum
785 4213 986 4284 ampbigastria
994 4215 1080 4270 bilida
1089 4221 1164 4280 sunt,
1174 4213 1283 4268 laciniis
1293 4211 1402 4269 tritidis.

330 4300 410 4356 Oba.
451 4301 552 4356 Ditiert
570 4319 587 4356 a
608 4301 657 4358 Cb.
676 4303 776 4359 incido.-
802 4304 885 4358 caule
910 4303 1096 4375 simpliciore,
1120 4301 1195 4359 toliis
1219 4301 1295 4356 baud
1319 4301 1403 4370 longe

259 4389 475 4445 decurrentibus
493 4390 583 4459 magis
603 4391 697 4461 planis
716 4409 767 4446 nec
786 4391 912 4461 margine
932 4394 1049 4448 ventrali
1068 4392 1226 4458 undulatis,
1254 4389 1347 4445 minus
1366 4391 1402 4445 ad

258 4476 368 4544 apicem
393 4479 552 4547 angustatis
575 4481 717 4553 plerisque
742 4482 962 4538 tridenticulatis
986 4483 1118 4538 dentibus
1141 4479 1311 4538 acuminatis
1336 4479 1401 4536 lon·

256 4563 391 4631 rioribus.
429 4568 641 4639 (Lindeuberg.)
