3140 5112
600 396 828 470 'l'byranautbnr-
1228 399 1283 468 sqq

208 575 400 645 blonngyuns.
438 569 633 629 Periantbium
652 567 770 626 laterale
785 566 831 624 rel
851 565 880 622 iu
900 564 1080 636 dinbotemia,
1098 566 1206 632 sessile,
1230 566 1282 621 tri-

133 671 284 740 quetrum,
311 664 396 719 dorsu
420 677 578 718 nouvexum
601 667 697 718 rantra
723 657 948 722 uuiuarinatum,
974 657 1148 726 marginibus
1166 659 1284 725 deflexis

134 756 292 826 uariosque
311 749 594 820 dentato-lauiniatis,
619 749 700 819 apios
721 749 910 814 subretnsnru,
932 748 1168 802 mueronulatnm.
1196 747 1282 814 luvo-

134 848 210 903 lnmr'
228 846 296 901 lolia
315 843 373 898 dun
392 841 546 906 difformis,
565 838 752 910 inaequaliter
770 837 875 892 bilobu.
912 835 1152 905 Amphigastrinm
1171 837 1282 892 involu-

135 935 215 990 orale
234 933 411 1000 elongatum,
440 923 769 998 emarginatu-bifidum.
808 925 1067 995 compereuntis,
1092 925 1196 981 vertioe
1219 928 1284 981 lou-

136 1023 334 1094 gitudinaliter
363 1037 507 1090 rumpens.
552 1019 649 1088 Stylus
675 1018 786 1086 longus.
832 1015 958 1084 Capsula
984 1014 1020 1070 ad
1047 1014 1169 1070 medinm
1196 1031 1285 1085 usque

138 1113 299 1188 quadrifida
321 1111 412 1166 valvis
434 1117 500 1180 post
525 1107 728 1164 dehiscentium
747 1106 923 1160 subreflexis.
961 1105 1088 1159 Elaiones
1107 1103 1203 1172 apices
1223 1105 1283 1158 val·

135 1220 238 1260 varum
264 1217 364 1258 versus
384 1199 484 1262 adfixi,
504 1198 630 1267 urrispiri‚
654 1197 845 1266 persistentes.
884 1195 1094 1249 Iulloresceolia
1114 1194 1239 1256 mascula
1256 1193 1285 1248 in

136 1295 256 1350 ramulis
281 1291 431 1346 distinctae
456 1288 579 1358 plantae.
624 1285 727 1356 Spioae
753 1285 859 1340 uvales.
897 1285 977 1339 Folia
1000 1283 1185 1353 perigouialia
1208 1292 1285 1340 arete

136 1383 288 1440 imbricata
311 1379 373 1434 basi
397 1377 511 1442 inflata,
536 1375 616 1444 epioe
640 1375 766 1428 dentata.
801 1373 887 1427 nami
905 1373 1032 1442 primarii
1050 1390 1066 1428 e
1086 1375 1198 1428 aureolo
1216 1391 1283 1443 pro·

136 1475 290 1530 oumbeute
308 1470 405 1534 arenti,
423 1466 587 1534 fastigiatis}
602 1463 705 1519 ramosi
718 1463 873 1532 pinnative.
903 1463 983 1516 Folia
995 1463 1108 1527 innuba,
1127 1463 1285 1542 imbricata,

137 1565 266 1632 margine
301 1560 391 1613 iniero
425 1557 538 1610 inllexa.
590 1553 801 1622 Amphigastria
839 1561 977 1618 cuneata,
1013 1558 1284 1622 truncato-retusa,

137 1651 292 1721 vegetatio
311 1644 665 1708 ramoso-subdiohutoma,
685 1643 781 1697 oaules
799 1649 874 1696 statu
894 1641 1107 1707 simulantes,
1126 1642 1237 1710 rigiduli
1257 1647 1286 1696 et

137 1744 228 1798 multo
246 1755 330 1811 qnam
349 1737 378 1791 in
397 1735 512 1790 humido
531 1741 606 1788 statu
625 1733 811 1801 angustiores.

211 1831 282 1886 Vita
301 1829 428 1891 arborea,
446 1827 475 1880 in
496 1825 600 1879 eortius
620 1825 752 1877 arborum
771 1829 800 1876 et
818 1821 959 1876 fruticum.

213 1917 385 1974 Distributio
400 1915 596 1986 geographica.
626 1913 742 1984 Species
756 1918 783 1979 4,
803 1927 921 1984 quarum
938 1916 956 1964 2
975 1910 1085 1976 inlata
1097 1910 1200 1974 insula,
1222 1915 1234 1964 l
1255 1910 1285 1972 iu

140 2012 226 2069 Nora
236 2009 390 2065 Zeelaudia
401 2013 430 2063 et
442 2013 453 2060 l
466 2007 495 2060 iu
507 2007 619 2060 Gaiana
629 2011 658 2058 et
667 2003 695 2057 in
705 2001 918 2070 Puto-Peuaug
930 2001 1029 2054 Indiae
1039 2000 1137 2056 orient.
1145 2009 1285 2061 creseunt.

310 2156 335 2205 l.
375 2145 682 2220 memorantium
701 2143 1010 2210 contaminamur
1029 2140 1118 2208 Ldbg.

214 2240 267 2294 Ti.
295 2237 367 2294 mule
389 2233 693 2304 &olorense-fastigium
709 2232 861 2304 piuantooe,
878 2229 959 2301 soliis
975 2228 1187 2284 subvenientibus
1204 2230 1286 2284 ousiis

138 2335 224 2388 emtis
246 2333 364 2401 margine
387 2327 475 2398 infero
497 2320 799 2396 complicato-irruemus
815 2320 888 2392 upiee
910 2318 1056 2390 explanatis
1073 2295 1286 2382 eroso-serratis,

139 2421 339 2494 ampligarsrtn
360 2414 516 2489 sputiulatr'e
535 2413 662 2466 truncatis
684 2411 756 2482 epioe
773 2407 938 2464 denticulatis
945 2407 1126 2481 planimetria
1141 2408 1288 2480 perluatlais'

140 2511 248 2584 ungulis
264 2506 530 2584 minuisse-dentatis.

288 2595 408 2652 Gottselre
426 2595 498 2648 Iena.
518 2593 617 2664 Hepat.
636 2591 727 2644 iacuit.

287 2688 490 2755 lungermunuia
510 2683 685 2752 spstlrulistipa
707 2677 783 2732 Noli
793 2676 828 2730 Ε.
848 2676 918 2746 Hep.
930 2675 992 2728 Jnu.
1008 2693 1036 2746 p.
1050 2679 1094 2728 ³8.
1113 2671 1290 2740 (εκείνην

354 2777 385 2811 ex
405 2757 514 2829 parte.)
551 2754 587 2807 N.
612 2752 644 2805 ab
663 2752 699 2806 E.
727 2749 775 2806 Bl.
801 2759 825 2802 et
850 2747 955 2802 Reiuw.
984 2747 1054 2818 Hsp.
1081 2745 1142 2798 duo.
1168 2763 1198 2816 p.
1225 2747 1289 2800 212

354 2829 419 2902 Spe.
438 2828 511 2900 Syrt.
535 2825 596 2895 Veg.
618 2823 670 2878 lv.
689 2829 716 2876 2.
733 2841 761 2894 p.
780 2826 843 2874 222.
862 2839 890 2873 n.
909 2823 954 2874 67.

202 2911 338 2975 'Habitat
357 2919 386 2972 in
405 2917 497 2971 Juvaa
516 2913 652 2970 montosis
673 2931 701 2967 v.
721 2929 746 2965 u.
765 2911 794 2966 iu
813 2914 909 2964 monte
928 2907 1044 2962 Lebaols
1063 2907 1148 2961 Prov.
1169 2907 1291 2960 Bantam

143 3012 259 3082 (Blume
278 3011 307 3063 in
328 3007 385 3062 Hb.
407 3005 444 3060 N.
455 3046 462 3073 ,
482 3007 531 3070 L„
550 3005 601 3073 Lg.
622 3010 650 3058 et
669 3004 727 3073 G.).
764 3003 867 3056 Forma
886 2999 975 3054 maior
994 2997 1133 3069 quaedam
1158 2995 1242 3050 etiam
1261 2995 1292 3049 in

141 3103 201 3157 Ins.
221 3099 338 3154 Maurit.
357 3097 512 3166 (Belanger
529 3097 558 3148 iu
579 3095 637 3147 Hb.
656 3093 730 3162 lag).

217 3190 319 3245 Variat
332 3191 464 3254 maxime,
486 3185 581 3241 turmis
595 3185 634 3238 ita
649 3199 705 3236 una
718 3184 746 3237 in
767 3184 884 3238 alteram
903 3179 1127 3244 transeuntibus,
1146 3185 1177 3232 ut
1190 3177 1293 3232 limites

143 3286 317 3340 varietatum
345 3282 420 3336 baud
447 3279 584 3334 invenias.
631 3267 746 3328 Statura
774 3280 818 3327 est
843 3271 925 3326 modo
951 3270 1073 3324 tenerior
1097 3266 1292 3338 graditurque,

144 3376 230 3431 modo
264 3374 419 3438 robustior,
452 3369 568 3438 rigidior
602 3373 686 3436 atque
721 3363 904 3431 compastior.
957 3359 1130 3428 Ranuficotr'o
1157 3357 1218 3410 aliis
1246 3356 1290 3408 di-

145 3461 468 3531 chalamo-fastigiata,
488 3458 551 3512 aliis
570 3457 698 3528 pinnata.
737 3453 822 3506 Romi
840 3459 889 3504 aut
908 3451 1008 3505 breves
1028 3455 1076 3502 aut
1093 3446 1185 3515 longi,
1204 3443 1294 3499 stricti

144 3557 190 3611 vel
211 3552 279 3619 laxi,
297 3550 495 3620 subsimplioes
513 3547 674 3618 pinnatiave
694 3545 826 3598 brevibus
838 3539 976 3612 praediti,
1001 3537 1030 3590 in
1048 3536 1110 3590 aliis
1130 3533 1294 3612 fastigiatim

146 3642 340 3700 ramosissimi.
378 3641 459 3694 Folia
478 3640 521 3693 vel
540 3645 625 3692 ovata
644 3637 907 3690 attenuato-acuta
932 3626 1065 3682 distinete
1089 3629 1196 3677 serrata
1217 3637 1291 3676 mnr-

146 3736 213 3805 gine
231 3732 322 3786 iniero
342 3747 397 3785 non
417 3727 472 3784 nisi
493 3743 510 3780 a
530 3728 591 3782 basi
612 3727 647 3780 ad
668 3725 790 3778 medium
810 3722 924 3780 inflexo,
942 3716 987 3771 rel
1001 3713 1129 3768 breviora
1143 3717 1172 3765 et
1185 3709 1293 3776 latiora,

147 3828 256 3882 serrata
284 3822 554 3876 eruente-erenata
573 3813 699 3883 margine
726 3811 815 3866 iniero
843 3808 947 3862 innexo
972 3803 1047 3873 plica
1074 3801 1154 3870 apice
1182 3799 1295 3870 oblique

147 3918 293 3978 truncata3
322 3910 384 3964 aliis
404 3909 486 3964 valde
506 3911 623 3960 curvata
642 3901 761 3972 basique
781 3895 899 3954 ventrali
918 3896 1000 3960 lungo
1020 3889 1213 3954 decurrentia,
1232 3886 1295 3940 eliis

148 4005 186 4060 ab
205 4003 313 4070 origiue
332 3997 507 4067 divergentia
532 4002 561 4051 et
585 4009 684 4065 parum
708 3991 737 4046 in
764 3987 888 4056 margine
913 3981 1031 4038 ventrali
1056 3979 1190 4048 repanda.
1227 3977 1295 4032 Am-

143 4093 295 4170 pligsrtria
314 4089 377 4144 aliis
396 4095 464 4142 sunt
482 4085 589 4140 minora
608 4083 754 4152 magisque
780 4076 949 4140 rotundatu,
978 4070 1039 4126 aliis
1065 4069 1171 4122 maiora
1195 4065 1296 4119 latiora

149 4182 270 4253 basique
288 4180 432 4235 evidenter
450 4180 585 4240 cuneata,
611 4173 674 4228 aliis
698 4172 784 4241 plana
809 4175 837 4222 et
862 4161 1073 4226 accumbentis,
1102 4157 1164 4212 aliis
1189 4154 1296 4225 patulo,

150 4271 213 4326 aliis
231 4267 407 4338 marginibus
426 4272 546 4334 angusto
566 4263 657 4334 spatio
677 4261 780 4314 reflexa
798 4259 860 4312 aliis
879 4256 1016 4310 revoluta.
1053 4245 1213 4304 Perimulae
1231 4247 1298 4296 sunt

150 4361 194 4418 vel
215 4358 380 4430 angustiora
399 4356 443 4410 vel
463 4353 578 4419 latiora,
599 4350 724 4418 longiora
744 4356 772 4402 et
791 4344 993 4417 prominentia,
1013 4341 1057 4393 vel
1076 4338 1220 4392 involucro
1239 4331 1297 4384 lere

150 4449 297 4514 immersa,
321 4445 496 4516 marginibus
521 4441 612 4512 magis
637 4441 682 4496 vel
707 4438 801 4494 minus
827 4433 946 4490 deflexis
971 4429 1099 4500 uillisque
1123 4425 1187 4496 plus
1205 4420 1298 4476 minus

151 4539 313 4612 oouspiouis
333 4535 447 4596 ornatis.
