3100 5072
588 370 815 444 liaptomltrlum.
852 365 1097 438 dymnumitrium.

447 551 470 600 1.
507 542 836 613 nontamen-sce·
860 538 1040 597 Boubon
1077 535 1114 590 N.
1143 534 1179 589 ab
1205 535 1238 588 E.

331 694 333 701 -
350 654 386 710 H.
398 652 479 726 foliis
496 649 654 706 distantibus
671 647 879 716 ovato-odionpis
896 645 965 699 luxu
982 640 1231 717 repando-dottam.

382 763 418 817 N.
443 760 476 815 ob
502 759 538 813 Ε.
565 758 635 812 nte.
661 755 782 812 Leberm.
815 754 839 808 1.
860 771 890 824 p.
913 757 972 806 lll.
1008 751 1049 804 Il.
1069 766 1100 821 p.
1126 751 1189 802 416.
1226 744 1282 799 ΙΙΙ.
1306 763 1334 816 p.
1353 748 1417 798 sto.

482 848 534 903 lV.
550 865 579 918 p.
598 843 753 900 xxxin.

380 957 583 1026 Iungermauniu
596 948 710 1004 Hodieri
724 947 806 1018 Enpl.
819 947 870 1002 bot.
885 955 905 1000 t.
914 949 996 1000 2555.
1015 943 1103 998 Hocit.
1114 941 1323 1014 biadaapma.
1337 952 1357 996 t.
1370 945 1417 995 64.

384 1046 585 1117 Hoplomitriurn
604 1039 707 1092 Cordae
726 1038 764 1092 N.
783 1036 816 1091 ab
834 1036 871 1090 Ε.
890 1035 908 1090 l.
928 1054 951 1091 c.
977 1035 1001 1087 l.
1016 1052 1046 1105 p.
1069 1036 1129 1087 lit.
1148 1050 1175 1085 u.
1193 1035 1220 1086 ’2.
1246 1031 1287 1084 Π.
1298 1049 1325 1102 p.
1336 1035 1399 1085 416.

346 1171 468 1228 Habitat
491 1164 610 1236 sparsim
635 1161 707 1216 inter
732 1175 844 1215 muscos
868 1157 905 1214 ad
929 1162 1032 1212 terram
1056 1156 1085 1210 in
1111 1155 1208 1210 Scotia
1234 1155 1357 1224 (byell),
1389 1155 1418 1208 iu

275 1267 390 1322 Sudetis
418 1263 474 1328 (de
494 1257 609 1310 Flotou.
638 1260 668 1306 et
698 1251 774 1306 Nees
804 1249 841 1303 ab
869 1247 1057 1315 Esonbeclr);
1091 1260 1178 1314 prope
1210 1242 1418 1310 liamburgum,

276 1353 395 1420 dirersis
415 1348 484 1404 locis
503 1344 673 1414 (Lehmann,
692 1339 848 1406 Gottsebeb

349 1457 482 1512 Riimmo
501 1467 658 1516 ramosum,
687 1445 921 1504 crassiusculurn,
947 1440 1283 1495 divaricato-ramosum.
1328 1437 1421 1491 Gaula'a

277 1557 395 1614 erectus,
419 1553 428 1600 t
451 1573 485 1584 -
503 1546 522 1597 6
540 1541 587 1595 Ιίη.
607 1540 717 1606 longus,
735 1534 920 1602 subsimplex,
938 1528 1154 1592 crassiusculus,
1171 1525 1286 1588 viridis,
1313 1540 1417 1579 succu-

276 1643 377 1695 lentus.
415 1625 726 1697 Foliolaxedisposita,
744 1619 916 1684 subtriiaria‚
938 1616 1225 1680 subrutuudo·orota,
1244 1613 1300 1667 alia
1318 1619 1420 1667 ovato-

276 1729 397 1794 oblonga
416 1729 466 1778 aut
484 1719 602 1788 ligulata
619 1716 737 1780 obtusa,
755 1710 882 1782 repanda
901 1704 1224 1778 repondere-doulam,
1249 1701 1421 1772 quaudoque

277 1826 306 1871 et
323 1811 512 1880 integerrima,
531 1807 591 1861 basi
610 1805 723 1874 oblique
742 1798 929 1861 decurrentia,
949 1797 1014 1849 laxe
1025 1793 1181 1858 reticulata,
1202 1792 1306 1847 mollia.
1335 1792 1419 1844 Inae-

278 1908 346 1962 lacri
370 1903 437 1957 iolia
455 1897 575 1953 caulinis
592 1893 695 1948 similia
717 1891 803 1962 paulo
821 1886 943 1948 maiora,
967 1884 1088 1954 primam
1107 1880 1424 1936 erecto-incumbentia

278 1995 427 2061 deinceps,
452 1993 483 2042 ut
507 1985 613 2054 reliqua
633 1981 715 2048 iolla,
739 1977 876 2051 palentia.
915 1971 1103 2028 Panaetium
1128 1969 1245 2024 nullum.
1284 1969 1423 2040 Oolyptro.

279 2099 343 2138 cum
362 2076 511 2138 adolescit,
538 2074 683 2141 elongata,
708 2065 930 2137 suboylindrica,
955 2059 1119 2120 carnosula,
1150 2058 1238 2111 latere
1262 2057 1422 2111 dehiscens.

281 2162 586 2228 Peduaoduruncialis.
612 2159 726 2233 capsula
741 2150 1070 2222 oblongo-cylindracea,
1087 2146 1421 2214 irregularitert-a-s-

279 2264 343 2317 lida.
383 2258 505 2312 Eloteres
529 2252 704 2306 valvulamm
729 2246 859 2316 apicibus
887 2245 1015 2301 innatae,
1047 2236 1117 2289 libra
1145 2232 1267 2304 duplici,
1299 2235 1425 2290 folliculo

281 2350 445 2410 tenuissimo
457 2341 603 2400 iusiiormi.
640 2337 777 2396 aarum
795 2334 939 2404 globosae,
959 2326 1054 2396 stipite
1073 2323 1161 2390 brevi,
1178 2329 1262 2380 ³-d
1280 2322 1309 2379 iu
1329 2322 1425 2376 axillis

280 2441 408 2498 loliorum
426 2432 609 2504 superiorum.

351 2545 476 2600 Adnot.
515 2534 725 2610 Hapbmiamm
744 2529 845 2585 Cordne
870 2539 965 2580 revera
992 2538 1046 2576 uon
1072 2519 1165 2574 differt
1188 2520 1225 2573 ab
1244 2517 1427 2589 Hoplomitn'o

282 2635 410 2694 Hooleri.
428 2629 482 2685 nisi
501 2628 591 2691 icone,
610 2624 645 2678 ad
665 2621 807 2691 specimen
828 2617 979 2673 rbiaomatc
998 2625 1097 2665 carens
1115 2623 1258 2678 expressa.

497 2821 548 2887 ΙΙ.
592 2807 1006 2905 (synmomltrium
1036 2803 1081 2868 N.
1104 2805 1145 2866 ab
1169 2801 1209 2865 E.

356 2990 427 3059 Hep.
454 2981 524 3036 Eur.
550 2977 575 3030 1.
600 2993 630 3045 p.
653 2977 712 3034 lit),
735 2972 793 3023 lle.
821 2965 874 3018 IV.
896 2982 925 3034 p.
946 2961 1035 3017 xxl.
1073 2961 1179 3015 Acolea
1204 2957 1331 3012 Durum.
1356 2955 1426 3028 Syll.

278 3105 307 3156 p.
327 3086 371 3135 70.
397 3079 455 3130 tt.
466 3071 496 3144 s.
514 3072 555 3122 lb.
593 3055 791 3144 Gymncmitrli
810 3069 904 3124 specu·
923 3051 1002 3106 cord.
1017 3049 1083 3103 Gen.
1105 3048 1175 3120 Hep.
1194 3047 1222 3100 ia
1241 3047 1323 3118 Opicz
1335 3045 1427 3099 Bella.

280 3175 305 3226 l.
330 3189 360 3242 p.
379 3171 442 3221 651.
469 3179 496 3214 a.
522 3163 547 3211 1.
575 3165 598 3206 et
619 3153 648 3204 in
667 3149 770 3203 Sinam.
792 3143 839 3197 Fi.
861 3141 953 3195 Germ·
965 3139 1012 3193 Cr.
1031 3137 1111 3193 XIX
1122 3135 1229 3190 cxx.
1245 3154 1275 3207 p.
1294 3139 1339 3188 23.
1359 3143 1379 3187 t,
1399 3139 1426 3186 4,

283 3257 408 3315 lr'adlici.
430 3253 495 3306 Gen.
512 3265 541 3319 p.
559 3242 605 3298 la.
625 3258 651 3293 a.
670 3241 734 3292 472.
753 3243 780 3288 et
797 3233 869 3286 clar.
887 3231 939 3302 res.
954 3247 983 3302 p.
1007 3233 1085 3284 1344.
1102 3245 1128 3280 n.
1147 3221 1239 3297 diest.
1288 3281 1291 3286 ‚

356 3355 549 3415 Periantbium
569 3346 676 3404 nullum
695 3341 750 3396 uisi
768 3337 905 3394 involucri
923 3336 1019 3392 lolium
1028 3333 1147 3390 interius
1158 3331 1337 3386 convolutum
1353 3329 1428 3384 loliis

281 3452 408 3509 eiusdem
426 3439 614 3503 exterioribus
634 3431 758 3489 tenerius
776 3436 805 3484 ot
822 3428 851 3482 in
869 3426 1011 3496 plerisque
1030 3424 1114 3479 etiam
1131 3419 1252 3475 brevius.
1291 3416 1430 3484 Calyptre

281 3542 424 3597 involucro
444 3537 583 3588 immersa.

354 3644 479 3702 Habitus
497 3639 526 3692 in
545 3631 663 3710 diversis
682 3623 855 3682 sectionibus
874 3621 1011 3675 diversus.
1049 3617 1166 3686 Species
1185 3616 1258 3670 aliae
1273 3611 1425 3682 examphi.

283 3737 451 3809 gastriatae,
491 3722 696 3782 adscendentes
729 3721 780 3768 aut
804 3708 1008 3766 erectiusculao
1032 3706 1106 3760 loliis
1130 3703 1249 3760 distiobe
1272 3701 1429 3756 imbricatis

282 3825 411 3896 superius
438 3813 563 3873 nonnihil
587 3803 809 3864 increscentibus
828 3804 937 3862 tectae,
961 3797 1102 3857 iulaceae,
1128 3795 1326 3854 subolavatae;
1353 3789 1428 3844 alteo

283 3907 490 3984 ampbigastriis
508 3899 662 3972 praeditae,
683 3898 760 3949 arete
779 3895 907 3958 repentes
919 3893 969 3940 aut
980 3882 1331 3952 flagelliieroqadjmm·
1349 3880 1425 3934 gun,

283 3999 473 4073 germanniam
499 4008 536 4047 ex
559 3987 694 4044 affinitate
725 3981 755 4035 J.
773 3979 920 4033 timeantur:
946 3981 995 4028 aut
1020 3971 1197 4026 dilutionem
1220 3969 1346 4024 amtorem
1371 3968 1425 4022 ali-

284 4107 368 4162 quam
388 4085 522 4158 punillam
547 4077 708 4133 relerentes.
746 4071 816 4123 illae
843 4067 972 4133 Europae
997 4060 1162 4130 indigenae,
1188 4060 1241 4112 bae
1265 4056 1428 4126 regionibus

281 4177 396 4249 tropicis
421 4171 588 4239 adscriptae.

636 4285 748 4351 Sentio
771 4279 800 4345 I.
845 4273 1068 4346 Julacca.

354 4427 641 4503 Bxampbigastriata,
661 4422 734 4479 loliis
753 4420 840 4472 dense
858 4409 1013 4466 imbricatis
1031 4406 1158 4462 distichis
1174 4400 1305 4460 concavis
1325 4401 1428 4456 bilobis

282 4534 333 4584 aut
351 4522 512 4580 bidentatis.
533 4519 706 4584 Europaeae.
