3060 5094
658 754 870 859 Tribus
923 755 1029 858 lv.

545 949 1143 1095 luttoceroteae.

322 1122 324 1128 Α
374 1178 427 1253 N.
445 1179 493 1252 ab
512 1179 564 1252 E.
586 1182 629 1254 in
644 1178 782 1254 Lindi.
799 1180 953 1256 Introd.
976 1182 1032 1256 cd.
1049 1191 1086 1257 a.
1108 1207 1150 1279 p·
1166 1187 1254 1256 414.
1308 1180 1415 1278 Hep.

272 1299 372 1372 Eur.
402 1296 432 1370 l.
462 1324 502 1396 p.
530 1305 592 1372 86.
625 1323 661 1369 a.
693 1303 731 1372 4.
783 1297 842 1372 lv,
867 1325 910 1396 p.
939 1295 1084 1371 xxxl.
1118 1309 1155 1374 et
1178 1307 1268 1376 319.
1308 1326 1345 1372 a.
1375 1307 1414 1373 3.

273 1414 464 1516 Bisclroff
473 1417 514 1489 in
533 1413 634 1492 Noc.
657 1413 749 1494 Act.
769 1414 843 1494 Ac.
868 1414 923 1490 N.
944 1413 1037 1494 Cat.
1069 1413 1185 1494 xvll.
1203 1426 1241 1494 2.
1262 1443 1306 1514 p.
1323 1424 1415 1492 962.

271 1535 482 1610 Endliclrer
502 1533 598 1608 Gen.
621 1559 663 1632 p.
680 1539 729 1606 ta
750 1546 785 1608 et
806 1541 915 1612 1³37.
969 1531 1269 1610 Aalduccsideae
1286 1531 1416 1610 Corda

269 1656 311 1726 ia
330 1651 514 1756 Monogr.
535 1652 725 1752 Rhizosp.
744 1663 780 1725 et
804 1651 949 1751 Hepul.
978 1650 1006 1726 1.
1026 1679 1070 1750 p.
1099 1659 1134 1728 ⁷.
1161 1663 1197 1726 et
1222 1654 1263 1725 in
1293 1652 1416 1752 Opitz

272 1770 400 1846 Belo.
417 1769 444 1844 l.
466 1797 507 1869 p.
522 1777 610 1844 650.
669 1766 897 1867 Curpcceria
909 1779 946 1842 el
961 1765 1213 1870 Carpocereae
1227 1767 1416 1846 Dumort.

273 1889 414 1966 Comen.
448 1889 523 1964 bct.
551 1913 592 1985 p.
625 1895 688 1962 68.
722 1916 761 1962 a.
789 1895 874 1964 192.
948 1883 1242 1987 Ceratcccplrulc
1274 1885 1427 1962 Wcllr.·

272 2006 402 2108 (lamp.
433 2003 493 2079 Fl.
524 2005 652 2080 Germ.
682 2003 745 2078 ΙΙΙ.
767 2032 810 2103 p.
837 2013 900 2081 39.

369 2139 543 2239 Capsula
569 2138 749 2226 dorsalis,
777 2137 835 2212 vel
873 2135 1036 2212 bivalvis
1067 2137 1119 2212 ab
1151 2119 1262 2235 apice
1289 2165 1416 2242 usque

270 2259 319 2336 ad
345 2257 513 2332 medium
534 2256 755 2344 alteriusve,
781 2265 850 2334 aut
875 2255 973 2332 rima
997 2253 1133 2334 saltem
1162 2255 1413 2354 bipartibilis,

270 2377 329 2448 vel
352 2375 449 2449 rima
475 2373 675 2450 dehiscens
703 2373 861 2474 apiceve
893 2373 944 2448 ab
976 2375 1098 2448 altera
1132 2387 1242 2473 parte
1276 2374 1412 2460 bifida,

135 2529 137 2534 ·
269 2493 309 2567 in
354 2489 619 2591 pedunculum
656 2490 857 2569 transiens.
928 2491 1175 2570 lnvolucrurn
1208 2517 1229 2564 e
1262 2491 1413 2566 frondis

270 2634 392 2684 massa
418 2607 618 2681 sublevata
643 2619 788 2695 ortum,
817 2609 1065 2696 tubulosum,
1100 2608 1203 2683 circa
1233 2633 1276 2683 os
1303 2623 1413 2683 trun·

268 2741 399 2802 catum
425 2737 495 2800 aut
521 2725 790 2813 sublobatum‚
825 2738 894 2800 aut
921 2725 1082 2800 bivalre.
1145 2725 1410 2801 Perianthium

268 2845 436 2918 nullum.
490 2839 794 2942 Receptaculum
821 2842 1012 2915 seminum
1039 2843 1224 2932 neutrale,
1256 2841 1412 2930 lineare,

267 2960 462 3036 setiforme
488 2959 548 3031 vel
572 2957 895 3056 dissepimentale.
948 2955 1118 3034 Elateres
1143 2961 1202 3036 vel
1225 2959 1411 3038 distincte

266 3078 419 3178 bispiri,
444 3077 504 3150 rel
521 3099 653 3148 eorum
670 3075 755 3153 loco
768 3073 936 3156 funiculi
956 3077 1201 3174 receptaculo
1217 3078 1410 3153 seminum

268 3193 455 3294 impositi,
470 3189 905 3292 articulati'genuflexi,
922 3193 1108 3282 tubulosi,
1119 3194 1411 3268 collabescendo

266 3309 536 3397 subcontorti,
577 3308 771 3408 simplices
809 3327 879 3387 aut
912 3310 1069 3400 ramosi,
1110 3309 1407 3400 diversiformes,

266 3429 405 3524 (librae
441 3426 639 3501 annularis
688 3454 753 3501 seu
794 3427 948 3526 spiralis
988 3426 1159 3526 vestigiis
1207 3428 1409 3524 obsoletis)

266 3544 305 3618 in
333 3570 409 3619 uno
436 3569 571 3642 genere
594 3543 722 3617 deesse
740 3543 1202 3644 videnturffllandowia).
1254 3547 1411 3621 Semina

265 3661 546 3748 subtetraiidra
570 3661 767 3735 subtiliter
789 3661 1034 3748 muriculata,
1056 3661 1241 3736 funiculis
1258 3662 1407 3738 innata.

264 3779 456 3879 Calyptra
480 3779 633 3864 conica,
669 3780 851 3878 stigmate
877 3779 1091 3868 subsessili,
1128 3777 1274 3858 inferne
1305 3807 1410 3858 rum-

264 3922 372 3994 pens
427 3897 620 3971 Antherae
647 3899 742 3989 (uno
768 3895 809 3969 in
836 3903 988 3992 genere)
1015 3896 1222 3982 monnicae,
1250 3898 1408 3983 sessilen

264 4011 464 4087 involucro
499 4041 520 4087 e
552 4013 700 4087 frondis
731 4038 853 4087 massa
893 4014 1125 4113 adsurgente
1158 4014 1406 4112 cyathiformi

264 4126 423 4203 dentato
449 4129 609 4204 cinctae.

365 4243 566 4344 Vegetatio
583 4242 776 4331 frondosa,
798 4258 975 4321 texturae
994 4247 1133 4337 mollis,
1161 4247 1404 4321 vesiculosae.

265 4361 483 4461 Epidermis
515 4389 625 4437 sensu
661 4363 844 4437 strictiori
881 4363 1000 4440 nulla.
1053 4363 1227 4438 Stratum
1255 4361 1405 4436 dorsale

264 4479 410 4564 laxum,
438 4479 663 4554 coloratum.
718 4479 806 4552 Pori
834 4481 944 4556 nulli.
