3108 5080
273 419 323 469 iti
720 404 955 476 ..langermanni

322 600 355 646 γ,
378 582 481 645 minor,
509 581 582 631 caule
608 579 722 630 breviori
745 581 834 630 minua
859 581 1007 648 serpentino
1033 580 1189 648 pleramque
1213 589 1269 631 toto
1298 595 1421 650 repente,

376 674 446 726 loliis
472 669 595 720 consertis
622 668 697 721 reida
725 670 844 722 eoncavir
869 669 959 734 rigidis
986 665 1074 736 (luteis
1105 669 1260 736 ferrugineis
1287 669 1420 722 brunneir

375 758 509 825 sueciave).
546 757 657 808 sterilia.

359 863 418 913 71,
435 846 603 914 rubiatrqrm
622 847 681 896 sinu
699 845 824 896 loliorum
842 861 931 914 parsu,
951 846 1069 896 omniurn
1088 847 1187 898 lunata.

357 949 417 1000 γα,
435 937 539 1005 antiqua,
559 937 601 985 rix
618 934 686 984 linea
704 935 817 999 longior,
836 937 894 986 sinu
913 934 1079 1002 prolandiori
1098 935 1248 1000 angustiari.

356 1037 412 1092 7³,
428 1023 552 1097 macilis,
570 1024 624 1072 lere
643 1023 783 1090 capillaria,
804 1033 867 1074 1-2
885 1025 966 1074 lineas
984 1023 1070 1087 longa,
1088 1024 1156 1074 inter·
1174 1039 1281 1074 marcor
1299 1023 1419 1077 iunue-

434 1127 525 1176 erecta,
545 1111 730 1178 uigr07lusca,
749 1113 819 1164 loliis
838 1111 1041 1164 subdisianiibue
1061 1112 1272 1164 incumbentibus
1291 1115 1419 1166 cauliculi

433 1205 563 1266 diametro
582 1217 675 1268 parum
693 1200 828 1252 latioribus
847 1202 905 1252 sinu
923 1200 1064 1269 profunda.

477 1287 701 1342 uirtute.

342 1394 461 1448 Habitat
485 1395 571 1448 dense
599 1399 628 1449 et
652 1393 969 1464 intricata-caespitum
994 1393 1025 1446 in
1060 1393 1221 1462 regionibns
1250 1391 1354 1462 alpinis
1384 1399 1415 1445 et

267 1484 425 1552 subalpinis
466 1499 553 1553 aupsr
587 1500 659 1538 saxa
698 1485 771 1538 inter
809 1498 922 1538 muscos
960 1480 1089 1551 putridos
1124 1479 1310 1537 Germaniae:
1351 1478 1412 1532 ire-

267 1571 452 1642 queniissiiua
487 1572 516 1623 in
549 1571 629 1639 sylva
664 1571 826 1640 Hercynius
857 1572 1002 1641 (Rumpe,
1033 1571 1207 1640 Wallrotb)‚
1237 1569 1267 1623 lu
1295 1568 1416 1622 sanctis

267 1660 425 1725 montibus,
451 1659 480 1712 in
500 1659 620 1728 Vogesis
640 1661 817 1732 (Mougeot);
846 1663 877 1716 in
902 1661 1015 1730 alpibus
1035 1657 1415 1726 Helveticis‘ffiolrleicber),

266 1749 296 1804 lir
316 1749 427 1812 Gallia,
452 1745 594 1817 Hispania
619 1755 690 1815 etc,
717 1764 772 1804 non
796 1767 868 1804 rara.
905 1749 975 1804 Var.
999 1751 1068 1814 tii,
1095 1755 1221 1812 nimia,
1246 1745 1274 1799 ln
1301 1761 1415 1800 summo

263 1842 333 1912 jugo
353 1839 522 1893 Suanorum
541 1845 569 1891 et
588 1827 616 1892 in
635 1840 715 1908 sylva
736 1837 894 1908 Heroyulua
913 1837 985 1907 (iiii.
1006 1837 1124 1901 Fictor..
1145 1835 1181 1890 N.
1199 1841 1229 1890 at
1242 1828 1324 1902 Hp).

393 1985 437 2036 80.
473 1983 801 2052 luraque-manaem
821 1981 1112 2055 praesumere
1138 1977 1176 2031 N.
1192 1977 1230 2031 ab
1249 1975 1282 2029 ii.

337 2089 368 2141 J.
392 2087 588 2158 ampliqartra'ir
605 2073 700 2154 nullia,
726 2088 800 2164 casule
816 2077 987 2142 morawa
1003 2085 1116 2158 simplici
1132 2081 1306 2142 diclrotoraore
1321 2087 1415 2132 uenire

262 2193 344 2253 parce
360 2175 518 2240 rudiculosc,
535 2172 616 2247 soliis
640 2176 871 2231 emtioerticulilut
892 2178 922 2228 ia
940 2177 1015 2228 dureo
1032 2171 1161 2242 eontiyar‘r
1178 2170 1298 2225 mollibus
1315 2169 1411 2222 decur-

265 2268 432 2338 rentiburque
447 2264 646 2319 rubor-ticceau
663 2263 939 2320 convoluto-coacnoir
959 2259 1129 2333 rubrepnitalir
1152 2261 1272 2330 morulae
1295 2255 1413 2312 sennia·

265 2363 374 2411 arcuato
390 2353 450 2407 riute
467 2351 556 2406 cituco
573 2353 768 2408 li-triileatntir
783 2352 909 2408 denibus
920 2351 1017 2406 cussis
1034 2351 1147 2406 acuum
1163 2349 1268 2418 igionis
1283 2349 1411 2416 imoque·

266 2445 347 2510 liius,
375 2441 503 2497 involucri
520 2441 601 2512 soliis
619 2443 675 2498 bari
691 2444 809 2497 coaautir
827 2442 926 2514 irrfiila'r
942 2441 1049 2506 nouis,
1072 2438 1221 2512 perientiio
1238 2437 1344 2490 olooato
1361 2452 1411 2488 orr-

263 2532 354 2601 yulato
372 2549 417 2584 ore
434 2528 583 2602 4-5-,firu
601 2532 769 2612 unlustau.

332 2635 334 2640 '
408 2622 611 2686 lunperrnaunis
636 2621 830 2674 Groeulandiaa
855 2619 893 2672 N.
917 2617 949 2672 ab
974 2617 1010 2670 Er
1037 2617 1066 2670 a'rt
1089 2615 1172 2670 salnai.
1216 2611 1340 2668 Golirulie
1368 2609 1408 2662 Io.

473 2705 545 2778 Hcp.
565 2709 657 2763 incolit.
1369 2727 1373 2734 ·

339 2815 458 2872 Habitat
480 2815 510 2867 in
530 2815 724 2870 Gaoenlaarlia
748 2813 786 2868 ad
810 2821 928 2880 terrain,
955 2814 1044 2868 denso
1070 2809 1198 2880 caespite
1224 2806 1356 2876 (Brentel
1382 2809 1412 2857 et

266 2907 351 2960 Curia
376 2905 405 2957 iu
426 2903 483 2956 Hb.
503 2903 671 2959 Floioviano
696 2921 723 2957 n.
742 2905 796 2970 2),
823 2905 853 2957 in
879 2903 1003 2971 caespite
1027 2897 1257 2972 Juapmaurtaiee
1281 2895 1410 2956 minutae,

266 3011 282 3048 a
307 2989 462 3046 llcbmano
491 3005 506 3044 e
538 2993 732 3048 Gmenlandis
759 2993 923 3047 transmisso
948 2992 1120 3046 fructiferam
1142 2986 1252 3043 insanit
1277 2990 1305 3038 et
1333 2981 1406 3035 deli-

266 3081 360 3136 neavit
379 3078 522 3132 Gottsoho.
1058 3099 1061 3108 i
1272 3075 1274 3080 v

338 3187 422 3251 Quod
449 3185 485 3239 ad
511 3175 688 3242 characteres
716 3193 745 3242 et
770 3187 898 3242 habitum
918 3183 1046 3256 proxime
1070 3183 1181 3239 accedit
1205 3179 1289 3249 lano.
1315 3175 1409 3244 Hora:

265 3276 449 3340 nauaturos,
477 3267 571 3330 differt
589 3283 683 3331 bulbus
702 3277 964 3346 ampblgasirlonim
983 3275 1095 3329 deiectu
1123 3279 1152 3326 ei
1174 3270 1248 3326 iuiiir
1269 3268 1298 3321 ln
1325 3268 1410 3322 dorso

266 3365 357 3434 anagia
377 3363 612 3434 amplectentibus
632 3365 660 3420 iii
680 3367 779 3420 venire
797 3366 968 3420 distantibus
987 3363 1100 3433 quidem
1119 3353 1350 3429 marginibnaque
1368 3354 1409 3408 ita

265 3452 491 3517 conniventibus,
511 3459 542 3507 ut
558 3454 672 3510 dorsum
688 3456 803 3524 punias
817 3466 902 3524 saepe
918 3457 1033 3523 pianum
1050 3457 1195 3524 appareat,
1216 3455 1408 3506 veruntamen

265 3544 288 3596 si
309 3543 373 3596 lolia
392 3541 537 3611 pressione
557 3543 701 3612 explicata
718 3545 748 3598 iu
767 3545 822 3598 alin
842 3553 894 3598 suu
913 3541 1117 3612 adspiciuntur,
1141 3546 1255 3610 propter
1273 3533 1411 3603 marginis

265 3629 401 3684 ventralis
427 3646 523 3684 arcum
555 3633 644 3687 caulis
674 3633 726 3688 boc
756 3633 830 3687 laius
851 3643 910 3701 per
935 3633 1084 3686 intervalia
1108 3626 1220 3700 penitus
1249 3625 1407 3682 recondan-

265 3719 351 3773 iibus.
388 3713 519 3774 Ambilua
536 3721 607 3792 folii
631 3722 689 3775 iere
712 3721 888 3783 orbicularis,
911 3721 939 3775 ia
965 3721 1079 3774 iuuenili
1105 3715 1219 3772 surculo
1237 3715 1274 3770 atl
1293 3720 1409 3770 ovatum

266 3807 419 3872 accedens,
443 3809 508 3862 irino
531 3809 598 3864 inae
617 3810 776 3879 repandus3
802 3810 880 3864 alnas
906 3810 994 3879 apicis
1013 3811 1142 3872 oiriasus,
1161 3807 1245 3861 morlo
1264 3801 1411 3871 angustior

265 3904 294 3950 et
313 3897 456 3964 angularia
470 3897 553 3952 modo
566 3899 649 3954 latior
662 3906 691 3953 et
701 3897 887 3963 subluantur,
906 3899 1027 3953 laciniae
1041 3899 1150 3959 breves,
1169 3897 1298 3955 obtusae,
1317 3891 1409 3944 rarius

266 3983 460 4038 acutiusculaa
479 3994 508 4041 st
524 3977 706 4041 inlaricrlbus
723 3987 797 4041 icitia
815 3987 985 4057 quandoque
1003 3986 1261 4046 croso-dentatae;
1278 3979 1409 4047 superior

266 4073 366 4126 minor.
403 4074 437 4127 In
457 4071 608 4130 fructileris
626 4075 870 4146 adultioribusqne
895 4077 925 4130 in
945 4077 1106 4131 uuiversum
1126 4074 1192 4129 iciia
1212 4069 1304 4124 trllirla
1321 4082 1406 4120 aoce-

266 4165 336 4216 dunt
354 4164 465 4218 laciniis
485 4163 675 4230 acutioribus,
694 4165 812 4219 ventrali
831 4177 917 4235 saepe
935 4166 1041 4220 maiore
1060 4173 1089 4219 et
1107 4161 1258 4219 obtusiora.
1295 4157 1407 4210 Occur-

267 4259 332 4304 rant
351 4252 435 4306 otiam
453 4252 522 4306 iolla
539 4251 659 4320 integra,
685 4255 765 4323 apice
781 4253 897 4325 oblique
916 4255 1076 4309 rotundato.
1115 4247 1250 4305 Incolum'
1268 4244 1335 4299 lolia
1353 4242 1410 4296 iria

267 4337 329 4392 bari
358 4343 498 4404 connata,
527 4351 646 4410 qaorum
676 4342 734 4397 duo
759 4343 886 4399 lateralia
917 4343 978 4398 baal
1005 4347 1149 4398 cuniraota
1178 4338 1269 4392 irilida
1296 4331 1408 4387 laciniis

266 4427 357 4481 ousiis
377 4429 562 4485 acutiusouils
580 4431 792 4503 inaequalibus,
819 4433 931 4487 tertium
958 4438 986 4486 st
1009 4431 1084 4487 luera
1108 4427 1234 4484 centrata
1258 4425 1409 4490 integrum,

267 4515 493 4585 subrepandum,
518 4519 634 4592 reliquls
653 4521 775 4577 bravius.
826 4521 956 4578 Tentura.
974 4521 1065 4576 mollia
1098 4525 1126 4575 et
1155 4514 1281 4572 ssauuida.
1329 4506 1408 4563 Color
