3076 5086
591 394 815 464 Plagincbastua.
1220 401 1275 452 010

132 569 346 633 circumdatum,
366 568 456 622 lineas
475 566 632 636 tiungum,
651 567 771 634 laecum,
789 565 921 632 tortilem,
940 565 1080 631 striatam,
1099 567 1180 636 apice
1199 575 1273 624 atte-

132 667 260 710 nuatum.
288 655 492 728 Receptaculum
512 655 661 710 lauriacum
679 673 810 727 parrum,
827 657 954 727 plenum,
971 657 1134 724 nugularum
1152 658 1182 712 in
1199 676 1273 731 qua-

132 755 196 801 tuor
214 747 272 815 (vel
291 752 319 812 0,
338 751 364 810 2,
386 747 412 813 1)
438 745 499 800 abit
522 745 629 800 loculos
653 746 698 800 rel
724 746 871 801 involucra
895 745 1035 814 elliptica‚
1059 761 1118 799 nnn
1144 746 1274 803 deorsum

131 836 305 904 spectantia,
324 833 375 888 aad
394 835 515 900 eleuata,
534 833 643 888 inierne
662 835 747 892 dorso
765 834 819 888 sibi
838 833 984 902 contigua,
1003 833 1174 890 verticaliter
1192 837 1273 891 delri-

132 924 254 988 ncentia‚
274 924 468 992 integerrima,
489 924 720 990 membranacea,
746 923 844 990 lusca,
868 923 972 994 quibus
990 925 1161 992 receptaculi
1179 925 1275 983 discus

130 1012 172 1066 ita
192 1012 388 1075 absconditur,
416 1021 447 1065 ut
465 1019 586 1081 quatuor
604 1012 712 1068 lructue
730 1012 871 1080 segregati
890 1011 992 1066 adesse
1011 1012 1169 1068 videantur.
1207 1015 1273 1069 Plc-

75 1085 79 1092 *
133 1117 252 1172 rumque
271 1103 341 1156 baec
361 1107 483 1170 quatuor
502 1099 644 1156 fructuum
663 1101 796 1156 normalis
819 1101 942 1155 evolutio
968 1117 1023 1155 nnn
1047 1101 1201 1170 invenitur,
1226 1107 1275 1159 sed

132 1191 311 1260 receptacula
323 1189 453 1258 dicarpa,
464 1191 585 1259 tricarpa
600 1191 644 1244 vel
655 1205 824 1260 monocarpa
838 1195 913 1244 sunt.
942 1189 976 1242 ln
990 1195 1087 1243 centro
1096 1189 1165 1245 disci
1174 1195 1276 1250 subtus

132 1282 208 1335 inter
226 1281 334 1336 baulos
354 1281 398 1334 val
418 1280 526 1333 lructus
546 1279 664 1334 barbula
684 1295 796 1348 semper
814 1279 910 1343 adest,
937 1293 1012 1348 quae
1036 1277 1188 1346 pedunculi
1212 1297 1275 1336 curu

131 1367 211 1422 disca
228 1368 442 1424 commissuram
454 1367 620 1422 circumdat.
651 1367 715 1421 Hae
734 1368 833 1437 paleae
850 1367 1146 1422 lanceolata-lineares
1164 1369 1276 1425 albidas

132 1457 223 1526 primo
242 1465 406 1512 recurvatae
425 1456 635 1525 receptaculum
655 1456 750 1512 lunius
769 1455 861 1509 adbuc
880 1455 1117 1524 epeduncuiatum
1129 1455 1276 1529 frondique

131 1545 218 1613 igitur
238 1544 403 1598 incumbens
416 1543 452 1596 ad
469 1543 557 1599 instar
570 1544 676 1600 indusli
691 1545 834 1608 uelabant,
852 1543 974 1599 subinde
985 1542 1146 1612 peduncuin
1163 1547 1275 1602 sublato

131 1631 298 1702 dependunt
327 1639 355 1686 et
394 1631 496 1687 loculis
524 1633 640 1689 tumidis
668 1633 881 1689 obnubilantur.
923 1632 1069 1687 Interdum
1094 1651 1207 1705 qnoque
1232 1641 1274 1692 rel

86 1749 91 1758 ·
132 1722 246 1776 omniun
271 1721 329 1775 lere
354 1723 458 1776 desunt
482 1721 602 1776 laciniae
626 1723 692 1777 illae
721 1722 765 1776 vel
792 1722 949 1777 crebriores
973 1721 1169 1793 longioresque
1193 1727 1272 1780 inve-

132 1810 256 1866 niuntur.
295 1811 425 1884 Calyptra
444 1819 551 1878 tenera,
572 1812 684 1876 albida,
703 1811 797 1865 medin
815 1827 949 1880 rumpens
967 1819 996 1866 et
1013 1811 1044 1864 in
1063 1812 1125 1866 basi
1143 1817 1275 1884 capsulae

133 1908 164 1952 ut
191 1915 288 1966 margo
322 1900 415 1954 tenuia
449 1898 558 1952 lacerna
593 1899 696 1967 partim
730 1899 867 1968 capsulae
901 1899 1077 1969 adglutinata
1111 1905 1274 1970 persistens.

133 1989 249 2061 Caprulc
274 1988 400 2051 inclusa,
427 1987 605 2052 subtantiis,
629 1989 719 2052 bara,
748 1988 939 2056 irregulariter
964 2005 981 2042 a
1005 1988 1109 2042 vertice
1134 2007 1273 2062 rumpent,

132 2078 186 2133 buc
211 2085 287 2132 statu
316 2078 531 2146 campanulata,
561 2078 689 2146 margine
713 2081 815 2130 lacera.
861 2077 971 2132 omum
1000 2076 1156 2146 tetrabdra,
1183 2082 1273 2150 lusca,

132 2169 241 2222 cellulis
268 2166 493 2236 prominentibus
521 2182 639 2236 aspera3
674 2165 781 2220 &terea
808 2166 924 2232 minuti,
955 2167 1105 2220 attenuati.
1154 2169 1272 2226 Inflare-

133 2255 241 2310 scentia
265 2257 392 2310 mascula
416 2255 587 2312 discilnrmis
611 2257 640 2310 in
665 2256 766 2310 eadem
789 2255 887 2324 planta
912 2254 1022 2324 apicem
1047 2254 1154 2312 irnudis
1177 2275 1274 2313 versus

133 2342 255 2409 sessilis,
275 2345 400 2410 minuta,
423 2343 608 2410 orbicularis,
632 2345 825 2399 crassiuscula
842 2346 1155 2415 planoque-convexa,
1174 2347 1274 2402 subtus

131 2433 238 2489 ciliata.
275 2433 487 2502 (bindeuberg.)

202 2551 230 2599 n.
266 2543 583 2615 frameam
599 2509 886 2596 nemeaeum
904 2540 995 2607 rung.
1015 2545 1043 2592 et
1056 2539 1201 2597 florescite.

204 2633 251 2686 Pl.
262 2632 364 2703 frurtde
387 2651 418 2686 ee
440 2633 512 2704 apice
527 2632 667 2684 {mannate
688 2628 795 2684 menta
818 2629 938 2700 elnrrpatu
959 2626 1049 2682 attbttrs
1072 2639 1273 2702 atropuqruruu,

130 2724 244 2794 amramis
260 2721 422 2776 meatibus
439 2721 523 2792 opt'cr's
540 2720 686 2775 aemiouata's
708 2717 861 2790 (νηί-00)
885 2715 1091 2790 nppeuda'culnit'a
1111 2719 1160 2786 (in
1174 2721 1274 2788 stende

129 2813 186 2884 ι’ρια
203 2813 335 2867 interdum
353 2810 503 2880 οὸωὶείίε),
518 2809 620 2880 fructu
643 2809 673 2861 ie
687 2807 790 2878 fiuede
811 2807 895 2860 medin
909 2807 1062 2878 picaenique
1079 2807 1206 2873 solitaria,
1227 2827 1272 2880 pe·

129 2901 240 2955 dunculc
257 2901 313 2955 buri
326 2899 458 2972 paleam,
476 2896 634 2971 receptaculo
642 2895 760 2968 feninea
778 2893 847 2952 2-3
853 2913 953 2968 -corpo
970 2897 1060 2950 subtus
1076 2893 1191 2950 barbato.

273 2987 401 3042 Liebmart
419 2988 479 3042 Iter·
496 2988 631 3041 Meaeona.
650 2987 741 3041 eadit.

205 3075 287 3146 Apud
314 3077 463 3130 Hacienda
493 3076 530 3131 de
557 3075 650 3141 Foro,
676 3074 828 3130 Cirinnntla
860 3080 889 3128 et
914 3073 1047 3129 Yavesea
1071 3075 1100 3128 in
1124 3077 1272 3134 altitudine

129 3169 171 3216 7-
183 3169 255 3220 0000
274 3165 338 3234 ped.
358 3165 426 3232 legit
444 3165 478 3218 cl.
498 3165 645 3220 Liebmau.

81 3263 91 3284 ⁸
202 3254 324 3309 Fraudis
352 3253 567 3320 articulatione,
602 3253 752 3322 superficie
778 3267 882 3321 purosa
910 3258 939 3306 et
966 3254 1125 3307 subvenere
1157 3256 1209 3312 boc
1236 3259 1272 3312 ad

131 3343 211 3413 Plup.
224 3345 359 3398 nudatum
377 3341 497 3406 accedit,
515 3345 565 3399 sed
586 3343 712 3398 articulis
727 3327 913 3412 'longioribua
932 3343 1022 3412 paleis
1036 3345 1273 3400 numerosioribus

130 3433 183 3486 aab
203 3432 328 3502 capitula
346 3439 374 3485 et
392 3433 422 3484 in
441 3431 504 3484 basi
525 3432 676 3500 pedunculi
695 3432 724 3486 in
744 3432 838 3486 media
857 3431 956 3486 fronde
982 3431 1056 3486 affixi
1077 3435 1272 3502 praesentibus

130 3523 201 3576 satis
222 3535 363 3591 superque
387 3520 540 3598 diversum.
588 3523 614 3575 Α
640 3520 938 3592 Play.np1›endiculatc
961 3522 1054 3576 colore
1078 3528 1106 3574 et
1127 3523 1272 3589 superficie

79 3605 94 3638 ‘⁴
130 3609 220 3677 tnagis
238 3625 339 3678 perusa
358 3609 465 3665 ircndis
484 3616 512 3664 et
532 3609 729 3664 articulatinue
747 3609 848 3664 differt.
873 3658 875 3664 .

291 3721 318 3770 ³.
353 3717 666 3790 rtaptcertamn
682 3717 996 3773 Bouaacllcarum
1018 3717 1106 3770 licut.

202 3803 249 3858 Pl.
266 3803 368 3874 fronde
388 3805 488 3876 pusilla
512 3804 563 3874 (ex
586 3805 658 3879 apice
674 3807 847 3877 imeres)
870 3805 1137 3860 elmuino-cuneata
1160 3808 1274 3879 simplici
1308 3811 1315 3826 ⁸

129 3889 218 3946 rubam
235 3903 449 3965 arrepurpurea,
466 3895 581 3965 spitamis
597 3895 756 3949 netraliburr
772 3893 1017 3959 orata-lanceolam,
1026 3895 1125 3965 fructu
1142 3897 1273 3966 infrnnde

129 3979 216 4032 media
241 3979 375 4049 utimr-ic,
395 3981 540 4054 pedurttutlu
566 3983 713 4038 brmsaum
737 3983 791 4039 burt'
814 3985 897 4050 nudo,
922 3981 1080 4056 receptando
1106 3983 1272 4056 1-5-01227„

129 4068 218 4122 subtus
236 4069 350 4124 barbate.

275 4160 469 4230 Plagiccbasrna
488 4163 685 4212 llcnrseiianum
713 4159 799 4214 Manu.
824 4163 853 4216 a'rt
871 4161 972 4218 Ausul.
999 4165 1042 4216 der
1059 4163 1164 4215 aalma
1182 4171 1271 4214 untur.

337 4233 365 4282 u.
383 4229 467 4284 snae.
487 4230 528 4284 x.
549 4235 825 4304 (inconpertae.
849 4238 907 4289 rac.
927 4245 946 4286 r.
965 4241 990 4288 c.
1002 4234 1032 4304 s.
1054 4239 1077 4286 r.

204 4317 324 4372 Habitat
356 4320 385 4372 ln
410 4318 532 4374 vallibus
557 4321 696 4375 umbrosis
720 4320 946 4377 occidentalibus
970 4321 1114 4392 Algerlae,
1142 4319 1271 4388 inprimis

130 4405 194 4460 luco
215 4403 388 4478 Boudjuranlr
407 4406 483 4463 dicto
502 4416 530 4462 et
549 4425 604 4464 non
623 4411 742 4464 multum
767 4409 803 4465 ab
823 4411 893 4466 urbe
910 4411 1043 4492 distanti,
1069 4411 1104 4464 ad
1131 4407 1271 4475 margines

131 4493 240 4547 viarum
261 4493 394 4564 (Roussel
414 4499 443 4550 in
463 4497 520 4550 Hb.
539 4497 580 4553 M.
600 4508 630 4553 at
650 4499 700 4570 N.)

975 4625 1014 4667 33
