<?xml version="1.0" encoding="UTF-8"?>
<!DOCTYPE html PUBLIC "-//W3C//DTD XHTML 1.0 Transitional//EN"
    "http://www.w3.org/TR/xhtml1/DTD/xhtml1-transitional.dtd">
<html xmlns="http://www.w3.org/1999/xhtml" xml:lang="en" lang="en">
 <head>
  <title>
</title>
<meta http-equiv="Content-Type" content="text/html;charset=utf-8" />
  <meta name='ocr-system' content='tesseract 3.04.00' />
  <meta name='ocr-capabilities' content='ocr_page ocr_carea ocr_par ocr_line ocrx_word'/>
</head>
<body>
  <div class='ocr_page' id='page_1' title='image "./synopsishepatic00esengoog_0570.png"; bbox 0 0 3076 5086; ppageno 0'>
   <div class='ocr_carea' id='block_1_1' title="bbox 587 414 1249 478">
    <p class='ocr_par' dir='ltr' id='par_1_1' title="bbox 587 414 1249 478">
     <span class='ocr_line' id='line_1_1' title="bbox 587 414 1249 478; baseline 0 -8"><span class='ocrx_word' id='word_1_1' title='bbox 587 414 774 472; x_wconf 83' lang='lat' dir='ltr'><strong>Marcbautir.</strong></span> <span class='ocrx_word' id='word_1_2' title='bbox 1195 427 1249 478; x_wconf 73' lang='lat' dir='ltr'><strong>sar</strong></span> 
     </span>
    </p>
   </div>
   <div class='ocr_carea' id='block_1_2' title="bbox 101 581 1250 1185">
    <p class='ocr_par' dir='ltr' id='par_1_2' title="bbox 101 581 1250 1185">
     <span class='ocr_line' id='line_1_2' title="bbox 101 581 1249 662; baseline 0.008 -24"><span class='ocrx_word' id='word_1_3' title='bbox 101 583 195 652; x_wconf 86' lang='lat' dir='ltr'><strong>longi,</strong></span> <span class='ocrx_word' id='word_1_4' title='bbox 204 583 304 653; x_wconf 79' lang='lat' dir='ltr'><strong>glabri,</strong></span> <span class='ocrx_word' id='word_1_5' title='bbox 320 583 401 636; x_wconf 83' lang='lat' dir='ltr'><strong>lusci.</strong></span> <span class='ocrx_word' id='word_1_6' title='bbox 418 623 422 630; x_wconf 91' lang='lat'><em>.</em></span> <span class='ocrx_word' id='word_1_7' title='bbox 439 581 641 656; x_wconf 76' lang='lat' dir='ltr'><strong>Rroqrtorabrm</strong></span> <span class='ocrx_word' id='word_1_8' title='bbox 657 587 677 651; x_wconf 71' lang='grc'>9</span> <span class='ocrx_word' id='word_1_9' title='bbox 696 587 745 640; x_wconf 83' lang='lat' dir='ltr'><strong>rix</strong></span> <span class='ocrx_word' id='word_1_10' title='bbox 761 586 956 662; x_wconf 77' lang='lat' dir='ltr'><strong>magnitudine</strong></span> <span class='ocrx_word' id='word_1_11' title='bbox 968 589 1082 646; x_wconf 88' lang='lat' dir='ltr'><strong>seminis</strong></span> <span class='ocrx_word' id='word_1_12' title='bbox 1096 591 1249 656; x_wconf 71' lang='lat' dir='ltr'><strong>brassicae,</strong></span> 
     </span>
     <span class='ocr_line' id='line_1_3' title="bbox 103 673 1250 744; baseline 0.004 -14"><span class='ocrx_word' id='word_1_13' title='bbox 103 689 283 737; x_wconf 78' lang='lat' dir='ltr'><strong>cousexum,</strong></span> <span class='ocrx_word' id='word_1_14' title='bbox 310 673 510 736; x_wconf 87' lang='lat' dir='ltr'><strong>umbouatum,</strong></span> <span class='ocrx_word' id='word_1_15' title='bbox 537 673 572 726; x_wconf 86' lang='lat' dir='ltr'><strong>ad</strong></span> <span class='ocrx_word' id='word_1_16' title='bbox 598 675 723 730; x_wconf 87' lang='lat' dir='ltr'><strong>medium</strong></span> <span class='ocrx_word' id='word_1_17' title='bbox 748 691 838 744; x_wconf 83' lang='lat' dir='ltr'><strong>usque</strong></span> <span class='ocrx_word' id='word_1_18' title='bbox 862 676 1001 731; x_wconf 82' lang='lat' dir='ltr'><strong>sexbduur</strong></span> <span class='ocrx_word' id='word_1_19' title='bbox 1021 677 1108 733; x_wconf 86' lang='lat' dir='ltr'><strong>radiis</strong></span> <span class='ocrx_word' id='word_1_20' title='bbox 1125 695 1177 733; x_wconf 84' lang='lat' dir='ltr'><strong>sex</strong></span> <span class='ocrx_word' id='word_1_21' title='bbox 1196 681 1250 735; x_wconf 90' lang='lat' dir='ltr'><strong>de-</strong></span> 
     </span>
     <span class='ocr_line' id='line_1_4' title="bbox 102 747 1249 835; baseline 0.003 -17"><span class='ocrx_word' id='word_1_22' title='bbox 102 765 200 830; x_wconf 83' lang='lat' dir='ltr'><strong>flexis,</strong></span> <span class='ocrx_word' id='word_1_23' title='bbox 219 761 360 832; x_wconf 88' lang='lat' dir='ltr'><strong>plerisque</strong></span> <span class='ocrx_word' id='word_1_24' title='bbox 377 759 504 826; x_wconf 88' lang='lat' dir='ltr'><strong>integris,</strong></span> <span class='ocrx_word' id='word_1_25' title='bbox 527 777 584 816; x_wconf 90' lang='lat' dir='ltr'><strong>uuo</strong></span> <span class='ocrx_word' id='word_1_26' title='bbox 603 762 727 820; x_wconf 83' lang='lat' dir='ltr'><strong>alterove</strong></span> <span class='ocrx_word' id='word_1_27' title='bbox 747 763 827 832; x_wconf 85' lang='lat' dir='ltr'><strong>apice</strong></span> <span class='ocrx_word' id='word_1_28' title='bbox 846 747 1037 833; x_wconf 72' lang='lat' dir='ltr'><strong>emarginato3</strong></span> <span class='ocrx_word' id='word_1_29' title='bbox 1056 782 1143 835; x_wconf 86' lang='lat' dir='ltr'><strong>supra</strong></span> <span class='ocrx_word' id='word_1_30' title='bbox 1160 767 1249 823; x_wconf 79' lang='lat' dir='ltr'><strong>viride</strong></span> 
     </span>
     <span class='ocr_line' id='line_1_5' title="bbox 103 846 1250 925; baseline 0.003 -18"><span class='ocrx_word' id='word_1_31' title='bbox 103 859 152 907; x_wconf 90' lang='lat' dir='ltr'><strong>est</strong></span> <span class='ocrx_word' id='word_1_32' title='bbox 173 849 380 919; x_wconf 70' lang='lat' dir='ltr'><strong>receptaculum</strong></span> <span class='ocrx_word' id='word_1_33' title='bbox 400 846 562 918; x_wconf 85' lang='lat' dir='ltr'><strong>iroudisque</strong></span> <span class='ocrx_word' id='word_1_34' title='bbox 580 849 616 902; x_wconf 86' lang='lat' dir='ltr'><strong>ad</strong></span> <span class='ocrx_word' id='word_1_35' title='bbox 636 853 726 907; x_wconf 87' lang='lat' dir='ltr'><strong>instar</strong></span> <span class='ocrx_word' id='word_1_36' title='bbox 739 867 881 920; x_wconf 87' lang='lat' dir='ltr'><strong>porosum,</strong></span> <span class='ocrx_word' id='word_1_37' title='bbox 900 854 1031 907; x_wconf 83' lang='lat' dir='ltr'><strong>subtura</strong></span> <span class='ocrx_word' id='word_1_38' title='bbox 1047 862 1143 910; x_wconf 89' lang='lat' dir='ltr'><strong>centro</strong></span> <span class='ocrx_word' id='word_1_39' title='bbox 1162 871 1250 925; x_wconf 87' lang='lat' dir='ltr'><strong>usque</strong></span> 
     </span>
     <span class='ocr_line' id='line_1_6' title="bbox 103 936 1247 1011; baseline 0.001 -17"><span class='ocrx_word' id='word_1_40' title='bbox 103 939 144 994; x_wconf 89' lang='lat' dir='ltr'><strong>ad</strong></span> <span class='ocrx_word' id='word_1_41' title='bbox 164 941 292 994; x_wconf 84' lang='lat' dir='ltr'><strong>&#39;medium</strong></span> <span class='ocrx_word' id='word_1_42' title='bbox 317 936 432 992; x_wconf 82' lang='lat' dir='ltr'><strong>fimbriis</strong></span> <span class='ocrx_word' id='word_1_43' title='bbox 450 936 544 1005; x_wconf 89' lang='lat' dir='ltr'><strong>planis</strong></span> <span class='ocrx_word' id='word_1_44' title='bbox 570 938 758 1006; x_wconf 86' lang='lat' dir='ltr'><strong>piliiormibus</strong></span> <span class='ocrx_word' id='word_1_45' title='bbox 788 942 939 1009; x_wconf 75' lang='lat' dir='ltr'>purpureis</span> <span class='ocrx_word' id='word_1_46' title='bbox 964 942 1084 1011; x_wconf 85' lang='lat' dir='ltr'><strong>tegitur,</strong></span> <span class='ocrx_word' id='word_1_47' title='bbox 1111 943 1247 1011; x_wconf 87' lang='lat' dir='ltr'><strong>probabi·</strong></span> 
     </span>
     <span class='ocr_line' id='line_1_7' title="bbox 104 1025 1250 1102; baseline 0.005 -22"><span class='ocrx_word' id='word_1_48' title='bbox 104 1027 172 1086; x_wconf 84' lang='lat' dir='ltr'><strong>liter</strong></span> <span class='ocrx_word' id='word_1_49' title='bbox 195 1028 403 1083; x_wconf 80' lang='lat' dir='ltr'><strong>involucrorum</strong></span> <span class='ocrx_word' id='word_1_50' title='bbox 431 1025 460 1079; x_wconf 89' lang='lat' dir='ltr'><strong>io</strong></span> <span class='ocrx_word' id='word_1_51' title='bbox 488 1027 592 1082; x_wconf 88' lang='lat' dir='ltr'><strong>uostris</strong></span> <span class='ocrx_word' id='word_1_52' title='bbox 613 1030 736 1084; x_wconf 88' lang='lat' dir='ltr'><strong>noudum</strong></span> <span class='ocrx_word' id='word_1_53' title='bbox 762 1031 937 1084; x_wconf 84' lang='lat' dir='ltr'><strong>evolutorum</strong></span> <span class='ocrx_word' id='word_1_54' title='bbox 956 1031 1091 1100; x_wconf 86' lang='lat' dir='ltr'><strong>vestigiis.</strong></span> <span class='ocrx_word' id='word_1_55' title='bbox 1129 1033 1250 1102; x_wconf 75' lang='lat' dir='ltr'><strong>Reliqua</strong></span> 
     </span>
     <span class='ocr_line' id='line_1_8' title="bbox 103 1117 281 1185; baseline -0.011 -15"><span class='ocrx_word' id='word_1_56' title='bbox 103 1117 281 1185; x_wconf 82' lang='lat' dir='ltr'><strong>ignorantur.</strong></span> 
     </span>
    </p>
   </div>
   <div class='ocr_carea' id='block_1_3' title="bbox 345 1251 1014 1329">
    <p class='ocr_par' dir='ltr' id='par_1_3' title="bbox 345 1251 1014 1329">
     <span class='ocr_line' id='line_1_9' title="bbox 345 1251 1014 1329; baseline 0.007 -18"><span class='ocrx_word' id='word_1_57' title='bbox 345 1261 371 1311; x_wconf 83' lang='grc'><strong>7.</strong></span> <span class='ocrx_word' id='word_1_58' title='bbox 409 1257 670 1314; x_wconf 66' lang='lat' dir='ltr'><strong>Marcionita</strong></span> <span class='ocrx_word' id='word_1_59' title='bbox 687 1261 849 1329; x_wconf 68' lang='lat' dir='ltr'><strong>dipem</strong></span> <span class='ocrx_word' id='word_1_60' title='bbox 866 1261 907 1315; x_wconf 87' lang='lat' dir='ltr'><strong>lt.</strong></span> <span class='ocrx_word' id='word_1_61' title='bbox 927 1251 962 1316; x_wconf 70' lang='lat' dir='ltr'><strong>et&#39;</strong></span> <span class='ocrx_word' id='word_1_62' title='bbox 976 1261 1014 1316; x_wconf 87' lang='grc' dir='ltr'><strong>Ν.</strong></span> 
     </span>
    </p>
   </div>
   <div class='ocr_carea' id='block_1_4' title="bbox 103 1363 1251 1792">
    <p class='ocr_par' dir='ltr' id='par_1_4' title="bbox 103 1363 1251 1618">
     <span class='ocr_line' id='line_1_10' title="bbox 179 1363 1251 1440; baseline 0.002 -20"><span class='ocrx_word' id='word_1_63' title='bbox 179 1367 222 1420; x_wconf 88' lang='grc' dir='ltr'><strong>Μ.</strong></span> <span class='ocrx_word' id='word_1_64' title='bbox 246 1363 406 1437; x_wconf 79' lang='lat' dir='ltr'><strong>receptaculo</strong></span> <span class='ocrx_word' id='word_1_65' title='bbox 426 1363 544 1436; x_wconf 74' lang='lat' dir='ltr'><strong>serciaco</strong></span> <span class='ocrx_word' id='word_1_66' title='bbox 572 1385 679 1420; x_wconf 72' lang='lat' dir='ltr'><strong>maceca</strong></span> <span class='ocrx_word' id='word_1_67' title='bbox 701 1367 869 1440; x_wconf 80' lang='lat' dir='ltr'><strong>quinquelodo</strong></span> <span class='ocrx_word' id='word_1_68' title='bbox 895 1367 959 1423; x_wconf 78' lang='lat' dir='ltr'><strong>lodie</strong></span> <span class='ocrx_word' id='word_1_69' title='bbox 986 1367 1084 1422; x_wconf 80' lang='lat' dir='ltr'><strong>duodus</strong></span> <span class='ocrx_word' id='word_1_70' title='bbox 1109 1366 1251 1422; x_wconf 72' lang='lat' dir='ltr'><strong>motatio</strong></span> 
     </span>
     <span class='ocr_line' id='line_1_11' title="bbox 104 1453 1250 1527; baseline -0.001 -17"><span class='ocrx_word' id='word_1_71' title='bbox 104 1455 223 1510; x_wconf 79' lang='lat' dir='ltr'><strong>caulibus</strong></span> <span class='ocrx_word' id='word_1_72' title='bbox 246 1454 343 1508; x_wconf 70' lang='lat' dir='ltr'><strong>obtrru&#39;s</strong></span> <span class='ocrx_word' id='word_1_73' title='bbox 365 1455 469 1508; x_wconf 68' lang='lat' dir='ltr'><strong>denum</strong></span> <span class='ocrx_word' id='word_1_74' title='bbox 492 1453 653 1526; x_wconf 74' lang='lat' dir='ltr'><strong>espinaciis,</strong></span> <span class='ocrx_word' id='word_1_75' title='bbox 679 1459 748 1512; x_wconf 63' lang='lat' dir='ltr'><strong>eirico</strong></span> <span class='ocrx_word' id='word_1_76' title='bbox 770 1455 860 1512; x_wconf 76' lang='lat' dir='ltr'><strong>saritur</strong></span> <span class='ocrx_word' id='word_1_77' title='bbox 884 1455 1005 1522; x_wconf 69' lang='lat' dir='ltr'><strong>barbato,</strong></span> <span class='ocrx_word' id='word_1_78' title='bbox 1025 1454 1172 1527; x_wconf 84' lang='lat' dir='ltr'><strong>pedunculc</strong></span> <span class='ocrx_word' id='word_1_79' title='bbox 1195 1457 1250 1509; x_wconf 77' lang='lat' dir='ltr'><strong>dori</strong></span> 
     </span>
     <span class='ocr_line' id='line_1_12' title="bbox 103 1542 1205 1618; baseline 0.002 -18"><span class='ocrx_word' id='word_1_80' title='bbox 103 1546 222 1618; x_wconf 79' lang='lat' dir='ltr'><strong>squamis</strong></span> <span class='ocrx_word' id='word_1_81' title='bbox 238 1544 407 1608; x_wconf 78' lang='lat' dir='ltr'><strong>involucrum,</strong></span> <span class='ocrx_word' id='word_1_82' title='bbox 418 1542 520 1614; x_wconf 82' lang='lat' dir='ltr'><strong>fronde</strong></span> <span class='ocrx_word' id='word_1_83' title='bbox 537 1546 782 1616; x_wconf 70' lang='lat' dir='ltr'><strong>rupuadocrrrrotu,</strong></span> <span class='ocrx_word' id='word_1_84' title='bbox 805 1544 906 1618; x_wconf 72' lang='lat' dir='ltr'><strong>scyphis</strong></span> <span class='ocrx_word' id='word_1_85' title='bbox 922 1557 1014 1616; x_wconf 70' lang='lat' dir='ltr'><strong>argute</strong></span> <span class='ocrx_word' id='word_1_86' title='bbox 1031 1545 1205 1602; x_wconf 61' lang='lat' dir='ltr'><strong>datimdntr&#39;r.</strong></span> 
     </span>
    </p>

    <p class='ocr_par' dir='ltr' id='par_1_5' title="bbox 251 1631 1251 1792">
     <span class='ocr_line' id='line_1_13' title="bbox 251 1631 1251 1707; baseline 0.007 -24"><span class='ocrx_word' id='word_1_87' title='bbox 251 1633 409 1683; x_wconf 81' lang='lat' dir='ltr'><strong>Marchautia</strong></span> <span class='ocrx_word' id='word_1_88' title='bbox 429 1631 528 1699; x_wconf 87' lang='lat' dir='ltr'><strong>diptcra</strong></span> <span class='ocrx_word' id='word_1_89' title='bbox 552 1631 641 1688; x_wconf 85' lang='lat' dir='ltr'><strong>Morti.</strong></span> <span class='ocrx_word' id='word_1_90' title='bbox 661 1635 689 1688; x_wconf 84' lang='lat' dir='ltr'><strong>t&#39;rt</strong></span> <span class='ocrx_word' id='word_1_91' title='bbox 707 1633 809 1690; x_wconf 77' lang='lat' dir='ltr'><strong>Annal.</strong></span> <span class='ocrx_word' id='word_1_92' title='bbox 834 1636 877 1688; x_wconf 77' lang='lat' dir='ltr'><strong>det</strong></span> <span class='ocrx_word' id='word_1_93' title='bbox 894 1653 929 1690; x_wconf 80' lang='lat' dir='ltr'><strong>rc.</strong></span> <span class='ocrx_word' id='word_1_94' title='bbox 947 1647 1005 1690; x_wconf 73' lang='lat' dir='ltr'><strong>rtur.</strong></span> <span class='ocrx_word' id='word_1_95' title='bbox 1028 1641 1106 1692; x_wconf 76' lang='lat'>1843.</span> <span class='ocrx_word' id='word_1_96' title='bbox 1131 1636 1251 1707; x_wconf 61' lang='lat' dir='ltr'><strong>(Aorsi.)</strong></span> 
     </span>
     <span class='ocr_line' id='line_1_14' title="bbox 309 1721 531 1792; baseline -0.009 -17"><span class='ocrx_word' id='word_1_97' title='bbox 309 1739 339 1792; x_wconf 82' lang='lat' dir='ltr'><strong>p.</strong></span> <span class='ocrx_word' id='word_1_98' title='bbox 358 1723 421 1775; x_wconf 69' lang='lat'><strong>24³.</strong></span> <span class='ocrx_word' id='word_1_99' title='bbox 440 1739 467 1774; x_wconf 85' lang='lat' dir='ltr'><strong>rr.</strong></span> <span class='ocrx_word' id='word_1_100' title='bbox 488 1721 531 1774; x_wconf 91' lang='lat' dir='ltr'><strong>li.</strong></span> 
     </span>
    </p>
   </div>
   <div class='ocr_carea' id='block_1_5' title="bbox 179 1825 927 1898">
    <p class='ocr_par' dir='ltr' id='par_1_6' title="bbox 179 1825 927 1898">
     <span class='ocr_line' id='line_1_15' title="bbox 179 1825 927 1898; baseline 0.001 -17"><span class='ocrx_word' id='word_1_101' title='bbox 179 1825 300 1881; x_wconf 77' lang='lat' dir='ltr'><strong>Habitat</strong></span> <span class='ocrx_word' id='word_1_102' title='bbox 318 1826 346 1880; x_wconf 92' lang='lat' dir='ltr'><strong>iu</strong></span> <span class='ocrx_word' id='word_1_103' title='bbox 365 1827 489 1896; x_wconf 85' lang='lat' dir='ltr'><strong>iaponia</strong></span> <span class='ocrx_word' id='word_1_104' title='bbox 509 1827 561 1895; x_wconf 82' lang='lat' dir='ltr'><strong>(iii.</strong></span> <span class='ocrx_word' id='word_1_105' title='bbox 583 1827 715 1882; x_wconf 76' lang='lat' dir='ltr'><strong>Burseni!</strong></span> <span class='ocrx_word' id='word_1_106' title='bbox 734 1827 763 1882; x_wconf 91' lang='lat' dir='ltr'><strong>iu</strong></span> <span class='ocrx_word' id='word_1_107' title='bbox 784 1828 843 1882; x_wconf 86' lang='lat' dir='ltr'><strong>Hb.</strong></span> <span class='ocrx_word' id='word_1_108' title='bbox 863 1828 927 1898; x_wconf 72' lang='lat' dir='ltr'><strong>iri).</strong></span> 
     </span>
    </p>
   </div>
   <div class='ocr_carea' id='block_1_6' title="bbox 105 1932 1251 2538">
    <p class='ocr_par' dir='ltr' id='par_1_7' title="bbox 105 1932 1251 2538">
     <span class='ocr_line' id='line_1_16' title="bbox 177 1932 1249 2006; baseline 0.006 -19"><span class='ocrx_word' id='word_1_109' title='bbox 177 1934 267 1988; x_wconf 81' lang='lat' dir='ltr'><strong>Fruar</strong></span> <span class='ocrx_word' id='word_1_110' title='bbox 282 1932 435 2001; x_wconf 79' lang='lat' dir='ltr'><strong>polliceris,</strong></span> <span class='ocrx_word' id='word_1_111' title='bbox 454 1932 702 2002; x_wconf 84' lang='lat' dir='ltr'><strong>eosquipoiiicaris,</strong></span> <span class='ocrx_word' id='word_1_112' title='bbox 720 1950 806 2003; x_wconf 89' lang='lat' dir='ltr'><strong>supra</strong></span> <span class='ocrx_word' id='word_1_113' title='bbox 817 1936 964 1990; x_wconf 89' lang='lat' dir='ltr'><strong>coulertirn</strong></span> <span class='ocrx_word' id='word_1_114' title='bbox 976 1935 1124 2006; x_wconf 87' lang='lat' dir='ltr'><strong>papiliosa,</strong></span> <span class='ocrx_word' id='word_1_115' title='bbox 1141 1938 1249 2004; x_wconf 80' lang='lat' dir='ltr'><strong>viridis,</strong></span> 
     </span>
     <span class='ocr_line' id='line_1_17' title="bbox 105 2023 1251 2096; baseline 0.003 -17"><span class='ocrx_word' id='word_1_116' title='bbox 105 2025 208 2079; x_wconf 81' lang='lat' dir='ltr'><strong>subtus</strong></span> <span class='ocrx_word' id='word_1_117' title='bbox 232 2038 375 2091; x_wconf 85' lang='lat' dir='ltr'><strong>purpurea</strong></span> <span class='ocrx_word' id='word_1_118' title='bbox 400 2023 436 2075; x_wconf 86' lang='lat' dir='ltr'><strong>ad</strong></span> <span class='ocrx_word' id='word_1_119' title='bbox 461 2029 568 2078; x_wconf 89' lang='lat' dir='ltr'><strong>costam</strong></span> <span class='ocrx_word' id='word_1_120' title='bbox 593 2023 681 2077; x_wconf 88' lang='lat' dir='ltr'><strong>dense</strong></span> <span class='ocrx_word' id='word_1_121' title='bbox 705 2024 864 2080; x_wconf 89' lang='lat' dir='ltr'><strong>radiculosa</strong></span> <span class='ocrx_word' id='word_1_122' title='bbox 887 2033 916 2078; x_wconf 89' lang='lat' dir='ltr'><strong>et</strong></span> <span class='ocrx_word' id='word_1_123' title='bbox 934 2028 1090 2094; x_wconf 85' lang='lat' dir='ltr'><strong>squamulis</strong></span> <span class='ocrx_word' id='word_1_124' title='bbox 1109 2027 1251 2096; x_wconf 78' lang='lat' dir='ltr'><strong>adprensis</strong></span> 
     </span>
     <span class='ocr_line' id='line_1_18' title="bbox 105 2110 1245 2186; baseline 0.004 -19"><span class='ocrx_word' id='word_1_125' title='bbox 105 2112 219 2168; x_wconf 83' lang='lat' dir='ltr'><strong>restite.</strong></span> <span class='ocrx_word' id='word_1_126' title='bbox 256 2110 404 2166; x_wconf 84' lang='lat' dir='ltr'><strong>Peduacuii</strong></span> <span class='ocrx_word' id='word_1_127' title='bbox 428 2111 592 2180; x_wconf 80' lang='lat' dir='ltr'><strong>pollicerer,</strong></span> <span class='ocrx_word' id='word_1_128' title='bbox 619 2112 680 2166; x_wconf 89' lang='lat' dir='ltr'><strong>basi</strong></span> <span class='ocrx_word' id='word_1_129' title='bbox 705 2114 848 2182; x_wconf 83' lang='lat' dir='ltr'><strong>purpurei.</strong></span> <span class='ocrx_word' id='word_1_130' title='bbox 887 2113 1056 2186; x_wconf 75' lang='lat' dir='ltr'><strong>Receptacula·</strong></span> <span class='ocrx_word' id='word_1_131' title='bbox 1080 2116 1122 2182; x_wconf 92' lang='lat' dir='ltr'><strong>(in</strong></span> <span class='ocrx_word' id='word_1_132' title='bbox 1149 2125 1245 2171; x_wconf 87' lang='lat' dir='ltr'><strong>nostro</strong></span> 
     </span>
     <span class='ocr_line' id='line_1_19' title="bbox 106 2199 1250 2275; baseline 0.003 -18"><span class='ocrx_word' id='word_1_133' title='bbox 106 2201 227 2270; x_wconf 84' lang='lat' dir='ltr'><strong>sterilis)</strong></span> <span class='ocrx_word' id='word_1_134' title='bbox 241 2199 310 2254; x_wconf 90' lang='lat' dir='ltr'><strong>-iobi</strong></span> <span class='ocrx_word' id='word_1_135' title='bbox 335 2207 392 2255; x_wconf 87' lang='lat' dir='ltr'><strong>tres</strong></span> <span class='ocrx_word' id='word_1_136' title='bbox 415 2199 511 2269; x_wconf 81' lang='lat' dir='ltr'><strong>parri,</strong></span> <span class='ocrx_word' id='word_1_137' title='bbox 539 2201 710 2270; x_wconf 87' lang='lat' dir='ltr'><strong>quandoque</strong></span> <span class='ocrx_word' id='word_1_138' title='bbox 728 2201 984 2268; x_wconf 88' lang='lat' dir='ltr'><strong>dcuticuiilormes,</strong></span> <span class='ocrx_word' id='word_1_139' title='bbox 1010 2203 1066 2259; x_wconf 91' lang='lat' dir='ltr'><strong>duo</strong></span> <span class='ocrx_word' id='word_1_140' title='bbox 1089 2205 1176 2275; x_wconf 88' lang='lat' dir='ltr'><strong>dupio</strong></span> <span class='ocrx_word' id='word_1_141' title='bbox 1200 2205 1250 2259; x_wconf 89' lang='lat' dir='ltr'><strong>tri·-</strong></span> 
     </span>
     <span class='ocr_line' id='line_1_20' title="bbox 106 2288 1250 2360; baseline 0.003 -17"><span class='ocrx_word' id='word_1_142' title='bbox 106 2291 190 2360; x_wconf 87' lang='lat' dir='ltr'><strong>piore</strong></span> <span class='ocrx_word' id='word_1_143' title='bbox 208 2291 345 2356; x_wconf 85' lang='lat' dir='ltr'><strong>maiores,</strong></span> <span class='ocrx_word' id='word_1_144' title='bbox 364 2291 475 2354; x_wconf 85' lang='lat' dir='ltr'><strong>orales,</strong></span> <span class='ocrx_word' id='word_1_145' title='bbox 494 2288 604 2352; x_wconf 90' lang='lat' dir='ltr'><strong>obtusi,</strong></span> <span class='ocrx_word' id='word_1_146' title='bbox 623 2290 706 2344; x_wconf 90' lang='lat' dir='ltr'><strong>dorso</strong></span> <span class='ocrx_word' id='word_1_147' title='bbox 725 2291 856 2346; x_wconf 81' lang='lat' dir='ltr'><strong>convexi.</strong></span> <span class='ocrx_word' id='word_1_148' title='bbox 896 2291 1054 2346; x_wconf 81' lang='lat' dir='ltr'><strong>bissculina</strong></span> <span class='ocrx_word' id='word_1_149' title='bbox 1072 2292 1250 2360; x_wconf 88' lang='lat' dir='ltr'><strong>receptacula</strong></span> 
     </span>
     <span class='ocr_line' id='line_1_21' title="bbox 107 2377 1248 2454; baseline 0.002 -20"><span class='ocrx_word' id='word_1_150' title='bbox 107 2381 205 2436; x_wconf 88' lang='lat' dir='ltr'><strong>latent.</strong></span> <span class='ocrx_word' id='word_1_151' title='bbox 247 2379 345 2452; x_wconf 69' lang='lat' dir='ltr'><strong>Srppiri</strong></span> <span class='ocrx_word' id='word_1_152' title='bbox 369 2377 533 2448; x_wconf 85' lang='lat' dir='ltr'><strong>propaguiis</strong></span> <span class='ocrx_word' id='word_1_153' title='bbox 557 2377 769 2433; x_wconf 87' lang='lat' dir='ltr'><strong>lenticularibus</strong></span> <span class='ocrx_word' id='word_1_154' title='bbox 797 2379 864 2434; x_wconf 92' lang='lat' dir='ltr'><strong>loeti</strong></span> <span class='ocrx_word' id='word_1_155' title='bbox 890 2387 922 2433; x_wconf 90' lang='lat' dir='ltr'><strong>ut</strong></span> <span class='ocrx_word' id='word_1_156' title='bbox 949 2381 978 2436; x_wconf 92' lang='lat' dir='ltr'><strong>iu</strong></span> <span class='ocrx_word' id='word_1_157' title='bbox 1002 2381 1046 2436; x_wconf 87' lang='grc' dir='ltr'><strong>Μ.</strong></span> <span class='ocrx_word' id='word_1_158' title='bbox 1068 2381 1248 2454; x_wconf 72' lang='lat' dir='ltr'><strong>poipraorpiic,</strong></span> 
     </span>
     <span class='ocr_line' id='line_1_22' title="bbox 109 2465 584 2538; baseline -0.008 -14"><span class='ocrx_word' id='word_1_159' title='bbox 109 2471 159 2524; x_wconf 89' lang='lat' dir='ltr'><strong>sed</strong></span> <span class='ocrx_word' id='word_1_160' title='bbox 178 2470 304 2538; x_wconf 75' lang='lat' dir='ltr'><strong>margine</strong></span> <span class='ocrx_word' id='word_1_161' title='bbox 322 2467 449 2536; x_wconf 82' lang='lat' dir='ltr'><strong>argutius</strong></span> <span class='ocrx_word' id='word_1_162' title='bbox 468 2465 584 2522; x_wconf 85' lang='lat' dir='ltr'><strong>dentati.</strong></span> 
     </span>
    </p>
   </div>
   <div class='ocr_carea' id='block_1_7' title="bbox 182 2572 1070 2645">
    <p class='ocr_par' dir='ltr' id='par_1_8' title="bbox 182 2572 1070 2645">
     <span class='ocr_line' id='line_1_23' title="bbox 182 2572 1070 2645; baseline 0.002 -17"><span class='ocrx_word' id='word_1_163' title='bbox 182 2573 264 2631; x_wconf 89' lang='lat' dir='ltr'><strong>Obs.</strong></span> <span class='ocrx_word' id='word_1_164' title='bbox 301 2573 477 2629; x_wconf 79' lang='lat' dir='ltr'><strong>Mor-ciimatio</strong></span> <span class='ocrx_word' id='word_1_165' title='bbox 493 2573 623 2645; x_wconf 81' lang='lat' dir='ltr'><strong>erorrr‘co</strong></span> <span class='ocrx_word' id='word_1_166' title='bbox 639 2572 750 2628; x_wconf 81' lang='lat' dir='ltr'><strong>Tbuub.</strong></span> <span class='ocrx_word' id='word_1_167' title='bbox 770 2573 853 2629; x_wconf 90' lang='lat' dir='ltr'><strong>buius</strong></span> <span class='ocrx_word' id='word_1_168' title='bbox 870 2576 924 2632; x_wconf 88' lang='lat' dir='ltr'><strong>loci</strong></span> <span class='ocrx_word' id='word_1_169' title='bbox 945 2593 1000 2632; x_wconf 89' lang='lat' dir='ltr'><strong>uon</strong></span> <span class='ocrx_word' id='word_1_170' title='bbox 1018 2581 1070 2630; x_wconf 85' lang='lat' dir='ltr'><strong>est.</strong></span> 
     </span>
    </p>
   </div>
   <div class='ocr_carea' id='block_1_8' title="bbox 101 2713 1250 3162">
    <p class='ocr_par' dir='ltr' id='par_1_9' title="bbox 304 2713 1053 2786">
     <span class='ocr_line' id='line_1_24' title="bbox 304 2713 1053 2786; baseline -0.001 -15"><span class='ocrx_word' id='word_1_171' title='bbox 304 2721 330 2771; x_wconf 81' lang='grc'><strong>8.</strong></span> <span class='ocrx_word' id='word_1_172' title='bbox 366 2713 626 2771; x_wconf 70' lang='lat' dir='ltr'><strong>marchomiro</strong></span> <span class='ocrx_word' id='word_1_173' title='bbox 644 2717 856 2772; x_wconf 76' lang='lat' dir='ltr'><strong>romericus</strong></span> <span class='ocrx_word' id='word_1_174' title='bbox 875 2718 950 2786; x_wconf 87' lang='lat' dir='ltr'><strong>Hpe.</strong></span> <span class='ocrx_word' id='word_1_175' title='bbox 970 2724 998 2772; x_wconf 91' lang='lat' dir='ltr'><strong>et</strong></span> <span class='ocrx_word' id='word_1_176' title='bbox 1017 2715 1053 2771; x_wconf 80' lang='lat' dir='ltr'><strong>G.</strong></span> 
     </span>
    </p>

    <p class='ocr_par' dir='ltr' id='par_1_10' title="bbox 101 2819 1250 3162">
     <span class='ocr_line' id='line_1_25' title="bbox 182 2819 1249 2895; baseline -0.001 -18"><span class='ocrx_word' id='word_1_177' title='bbox 182 2822 225 2878; x_wconf 87' lang='lat' dir='ltr'><strong>M.</strong></span> <span class='ocrx_word' id='word_1_178' title='bbox 248 2821 416 2894; x_wconf 74' lang='lat' dir='ltr'><strong>receptaculis</strong></span> <span class='ocrx_word' id='word_1_179' title='bbox 433 2821 559 2890; x_wconf 81' lang='lat' dir='ltr'><strong>ferniracir</strong></span> <span class='ocrx_word' id='word_1_180' title='bbox 584 2819 695 2874; x_wconf 78' lang='lat' dir='ltr'><strong>rreiian&#39;s</strong></span> <span class='ocrx_word' id='word_1_181' title='bbox 722 2823 808 2876; x_wconf 81' lang='lat' dir='ltr'><strong>radiis</strong></span> <span class='ocrx_word' id='word_1_182' title='bbox 831 2821 869 2894; x_wconf 85' lang='grc'><strong>(1</strong></span> <span class='ocrx_word' id='word_1_183' title='bbox 874 2821 912 2895; x_wconf 83' lang='lat' dir='ltr'><strong>i)</strong></span> <span class='ocrx_word' id='word_1_184' title='bbox 936 2822 1075 2886; x_wconf 80' lang='lat' dir='ltr'><strong>teretidtu,</strong></span> <span class='ocrx_word' id='word_1_185' title='bbox 1108 2821 1249 2877; x_wconf 66' lang='lat' dir='ltr'><strong>involucris</strong></span> 
     </span>
     <span class='ocr_line' id='line_1_26' title="bbox 110 2909 1248 2982; baseline -0.001 -16"><span class='ocrx_word' id='word_1_186' title='bbox 110 2913 217 2982; x_wconf 65' lang='lat' dir='ltr'><strong>dinddio</strong></span> <span class='ocrx_word' id='word_1_187' title='bbox 241 2911 400 2966; x_wconf 80' lang='lat' dir='ltr'><strong>breuioribus</strong></span> <span class='ocrx_word' id='word_1_188' title='bbox 423 2910 551 2980; x_wconf 69' lang='lat' dir='ltr'><strong>contiguis</strong></span> <span class='ocrx_word' id='word_1_189' title='bbox 574 2911 694 2979; x_wconf 76' lang='lat' dir='ltr'><strong>nwrgirae</strong></span> <span class='ocrx_word' id='word_1_190' title='bbox 719 2909 822 2966; x_wconf 71' lang='lat' dir='ltr'><strong>lomniis</strong></span> <span class='ocrx_word' id='word_1_191' title='bbox 844 2912 1072 2968; x_wconf 72' lang='lat' dir='ltr'><strong>cilicio-dentalis</strong></span> <span class='ocrx_word' id='word_1_192' title='bbox 1086 2911 1248 2980; x_wconf 72' lang='lat' dir='ltr'><strong>fimbriatis,</strong></span> 
     </span>
     <span class='ocr_line' id='line_1_27' title="bbox 101 2998 1250 3079; baseline 0.007 -25"><span class='ocrx_word' id='word_1_193' title='bbox 101 3001 201 3071; x_wconf 76' lang='lat' dir='ltr'><strong>froude</strong></span> <span class='ocrx_word' id='word_1_194' title='bbox 227 2999 471 3054; x_wconf 83' lang='lat' dir='ltr'><strong>diciotcmo-lodoto</strong></span> <span class='ocrx_word' id='word_1_195' title='bbox 489 2998 660 3053; x_wconf 67' lang='lat' dir='ltr'><strong>murmurantia</strong></span> <span class='ocrx_word' id='word_1_196' title='bbox 677 2999 970 3059; x_wconf 84' lang='lat' dir='ltr'><strong>curtoiiculota.areoiir</strong></span> <span class='ocrx_word' id='word_1_197' title='bbox 993 3004 1110 3064; x_wconf 79' lang='lat' dir='ltr'><strong>obsoletis</strong></span> <span class='ocrx_word' id='word_1_198' title='bbox 1133 3009 1250 3079; x_wconf 69' lang='lat' dir='ltr'><strong>margum</strong></span> 
     </span>
     <span class='ocr_line' id='line_1_28' title="bbox 109 3087 1080 3162; baseline 0.008 -22"><span class='ocrx_word' id='word_1_199' title='bbox 109 3087 241 3142; x_wconf 62' lang='lat' dir='ltr'><strong>amuleto</strong></span> <span class='ocrx_word' id='word_1_200' title='bbox 258 3089 347 3143; x_wconf 57' lang='lat' dir='ltr'><strong>emito</strong></span> <span class='ocrx_word' id='word_1_201' title='bbox 364 3087 507 3160; x_wconf 74' lang='lat' dir='ltr'><strong>squamata</strong></span> <span class='ocrx_word' id='word_1_202' title='bbox 524 3088 628 3157; x_wconf 79' lang='lat' dir='ltr'><strong>mupar‘r</strong></span> <span class='ocrx_word' id='word_1_203' title='bbox 645 3088 729 3158; x_wconf 74' lang='lat' dir='ltr'><strong>nigris</strong></span> <span class='ocrx_word' id='word_1_204' title='bbox 746 3091 922 3162; x_wconf 65' lang='lat' dir='ltr'><strong>quadnsoriir</strong></span> <span class='ocrx_word' id='word_1_205' title='bbox 939 3092 1080 3151; x_wconf 76' lang='lat' dir='ltr'><strong>larnelioro.</strong></span> 
     </span>
    </p>
   </div>
   <div class='ocr_carea' id='block_1_9' title="bbox 111 3194 1250 4602">
    <p class='ocr_par' dir='ltr' id='par_1_11' title="bbox 111 3194 1245 3353">
     <span class='ocr_line' id='line_1_29' title="bbox 183 3194 1245 3266; baseline 0.012 -19"><span class='ocrx_word' id='word_1_206' title='bbox 183 3194 303 3249; x_wconf 83' lang='lat' dir='ltr'><strong>Habitat</strong></span> <span class='ocrx_word' id='word_1_207' title='bbox 326 3195 354 3249; x_wconf 90' lang='lat' dir='ltr'><strong>in</strong></span> <span class='ocrx_word' id='word_1_208' title='bbox 374 3195 539 3250; x_wconf 78' lang='lat' dir='ltr'><strong>Columbina</strong></span> <span class='ocrx_word' id='word_1_209' title='bbox 559 3195 682 3249; x_wconf 85' lang='lat' dir='ltr'><strong>Paramo</strong></span> <span class='ocrx_word' id='word_1_210' title='bbox 706 3195 742 3250; x_wconf 89' lang='lat' dir='ltr'><strong>de</strong></span> <span class='ocrx_word' id='word_1_211' title='bbox 766 3197 948 3266; x_wconf 84' lang='lat' dir='ltr'><strong>Mucucbies‚</strong></span> <span class='ocrx_word' id='word_1_212' title='bbox 973 3200 1024 3256; x_wconf 87' lang='lat' dir='ltr'><strong>ubi</strong></span> <span class='ocrx_word' id='word_1_213' title='bbox 1047 3220 1065 3258; x_wconf 85' lang='lat' dir='ltr'><strong>a</strong></span> <span class='ocrx_word' id='word_1_214' title='bbox 1087 3205 1123 3260; x_wconf 91' lang='lat' dir='ltr'><strong>ci.</strong></span> <span class='ocrx_word' id='word_1_215' title='bbox 1142 3205 1245 3260; x_wconf 83' lang='lat' dir='ltr'><strong>bioritr</strong></span> 
     </span>
     <span class='ocr_line' id='line_1_30' title="bbox 111 3283 692 3353; baseline 0.005 -18"><span class='ocrx_word' id='word_1_216' title='bbox 111 3285 182 3337; x_wconf 87' lang='lat' dir='ltr'><strong>lecta</strong></span> <span class='ocrx_word' id='word_1_217' title='bbox 202 3291 245 3337; x_wconf 87' lang='lat' dir='ltr'><strong>est</strong></span> <span class='ocrx_word' id='word_1_218' title='bbox 263 3283 333 3353; x_wconf 82' lang='lat' dir='ltr'><strong>(lib.</strong></span> <span class='ocrx_word' id='word_1_219' title='bbox 353 3284 424 3351; x_wconf 86' lang='lat' dir='ltr'><strong>Reg.</strong></span> <span class='ocrx_word' id='word_1_220' title='bbox 446 3284 569 3338; x_wconf 84' lang='lat' dir='ltr'><strong>Beroiiu.</strong></span> <span class='ocrx_word' id='word_1_221' title='bbox 588 3300 616 3337; x_wconf 90' lang='lat' dir='ltr'><strong>u.</strong></span> <span class='ocrx_word' id='word_1_222' title='bbox 634 3284 692 3352; x_wconf 74' lang='grc'><strong>45).</strong></span> 
     </span>
    </p>

    <p class='ocr_par' dir='ltr' id='par_1_12' title="bbox 111 3371 1250 4602">
     <span class='ocr_line' id='line_1_31' title="bbox 181 3371 1246 3446; baseline 0.009 -20"><span class='ocrx_word' id='word_1_223' title='bbox 181 3373 269 3427; x_wconf 81' lang='lat' dir='ltr'><strong>From</strong></span> <span class='ocrx_word' id='word_1_224' title='bbox 285 3373 476 3442; x_wconf 84' lang='lat' dir='ltr'><strong>4-pollicaris</strong></span> <span class='ocrx_word' id='word_1_225' title='bbox 494 3379 523 3427; x_wconf 92' lang='lat' dir='ltr'><strong>et</strong></span> <span class='ocrx_word' id='word_1_226' title='bbox 539 3371 628 3436; x_wconf 86' lang='lat' dir='ltr'><strong>ultra,</strong></span> <span class='ocrx_word' id='word_1_227' title='bbox 647 3373 664 3440; x_wconf 61' lang='grc' dir='ltr'>ξ</span> <span class='ocrx_word' id='word_1_228' title='bbox 683 3371 749 3440; x_wconf 90' lang='lat' dir='ltr'><strong>poli.</strong></span> <span class='ocrx_word' id='word_1_229' title='bbox 769 3372 841 3440; x_wconf 91' lang='lat' dir='ltr'><strong>iata,</strong></span> <span class='ocrx_word' id='word_1_230' title='bbox 862 3373 1021 3431; x_wconf 86' lang='lat' dir='ltr'><strong>dichotomo</strong></span> <span class='ocrx_word' id='word_1_231' title='bbox 1039 3377 1152 3446; x_wconf 85' lang='lat' dir='ltr'><strong>iubata,</strong></span> <span class='ocrx_word' id='word_1_232' title='bbox 1170 3397 1246 3436; x_wconf 87' lang='lat' dir='ltr'><strong>mar·</strong></span> 
     </span>
     <span class='ocr_line' id='line_1_32' title="bbox 111 3460 1249 3536; baseline 0.008 -20"><span class='ocrx_word' id='word_1_233' title='bbox 111 3463 174 3532; x_wconf 85' lang='lat' dir='ltr'><strong>gine</strong></span> <span class='ocrx_word' id='word_1_234' title='bbox 193 3463 319 3516; x_wconf 88' lang='lat' dir='ltr'><strong>brunneo</strong></span> <span class='ocrx_word' id='word_1_235' title='bbox 343 3460 673 3524; x_wconf 79' lang='lat' dir='ltr'><strong>undalum-creauiata,</strong></span> <span class='ocrx_word' id='word_1_236' title='bbox 697 3476 784 3530; x_wconf 90' lang='lat' dir='ltr'><strong>supra</strong></span> <span class='ocrx_word' id='word_1_237' title='bbox 807 3478 824 3515; x_wconf 92' lang='lat' dir='ltr'><strong>e</strong></span> <span class='ocrx_word' id='word_1_238' title='bbox 849 3461 932 3516; x_wconf 82' lang='lat' dir='ltr'><strong>viridi</strong></span> <span class='ocrx_word' id='word_1_239' title='bbox 958 3464 1137 3536; x_wconf 85' lang='lat' dir='ltr'><strong>lascescens,</strong></span> <span class='ocrx_word' id='word_1_240' title='bbox 1161 3473 1249 3527; x_wconf 87' lang='lat' dir='ltr'><strong>dense</strong></span> 
     </span>
     <span class='ocr_line' id='line_1_33' title="bbox 111 3549 1250 3620; baseline 0.008 -16"><span class='ocrx_word' id='word_1_241' title='bbox 111 3568 212 3620; x_wconf 88' lang='lat' dir='ltr'><strong>porosa</strong></span> <span class='ocrx_word' id='word_1_242' title='bbox 236 3553 284 3606; x_wconf 87' lang='lat' dir='ltr'><strong>sed</strong></span> <span class='ocrx_word' id='word_1_243' title='bbox 313 3551 415 3605; x_wconf 86' lang='lat' dir='ltr'><strong>areolis</strong></span> <span class='ocrx_word' id='word_1_244' title='bbox 439 3549 589 3616; x_wconf 86' lang='lat' dir='ltr'><strong>obsoletis;</strong></span> <span class='ocrx_word' id='word_1_245' title='bbox 622 3549 724 3603; x_wconf 88' lang='lat' dir='ltr'><strong>subtus</strong></span> <span class='ocrx_word' id='word_1_246' title='bbox 750 3549 920 3605; x_wconf 88' lang='lat' dir='ltr'><strong>densissime</strong></span> <span class='ocrx_word' id='word_1_247' title='bbox 945 3553 1199 3613; x_wconf 77' lang='lat' dir='ltr'><strong>rulo-rudiculosas</strong></span> <span class='ocrx_word' id='word_1_248' title='bbox 1220 3563 1250 3612; x_wconf 88' lang='lat' dir='ltr'><strong>et</strong></span> 
     </span>
     <span class='ocr_line' id='line_1_34' title="bbox 111 3638 1249 3716; baseline 0.009 -24"><span class='ocrx_word' id='word_1_249' title='bbox 111 3648 247 3710; x_wconf 87' lang='lat' dir='ltr'><strong>quaterna</strong></span> <span class='ocrx_word' id='word_1_250' title='bbox 266 3654 445 3710; x_wconf 85' lang='lat' dir='ltr'><strong>squamarum</strong></span> <span class='ocrx_word' id='word_1_251' title='bbox 463 3638 537 3693; x_wconf 88' lang='lat' dir='ltr'><strong>serie</strong></span> <span class='ocrx_word' id='word_1_252' title='bbox 554 3647 611 3692; x_wconf 87' lang='lat' dir='ltr'><strong>tam</strong></span> <span class='ocrx_word' id='word_1_253' title='bbox 630 3647 707 3694; x_wconf 87' lang='lat' dir='ltr'><strong>arcte</strong></span> <span class='ocrx_word' id='word_1_254' title='bbox 726 3655 888 3708; x_wconf 86' lang='lat' dir='ltr'><strong>conspersa,</strong></span> <span class='ocrx_word' id='word_1_255' title='bbox 907 3649 940 3695; x_wconf 91' lang='lat' dir='ltr'><strong>ut</strong></span> <span class='ocrx_word' id='word_1_256' title='bbox 949 3642 1094 3698; x_wconf 87' lang='lat' dir='ltr'><strong>lamciiosa</strong></span> <span class='ocrx_word' id='word_1_257' title='bbox 1103 3654 1249 3716; x_wconf 85' lang='lat' dir='ltr'><strong>appareat.</strong></span> 
     </span>
     <span class='ocr_line' id='line_1_35' title="bbox 112 3727 1249 3801; baseline 0.006 -18"><span class='ocrx_word' id='word_1_258' title='bbox 112 3727 253 3800; x_wconf 79' lang='lat' dir='ltr'><strong>Spaomoe,</strong></span> <span class='ocrx_word' id='word_1_259' title='bbox 272 3745 346 3800; x_wconf 90' lang='lat' dir='ltr'><strong>quae</strong></span> <span class='ocrx_word' id='word_1_260' title='bbox 365 3728 394 3782; x_wconf 88' lang='lat' dir='ltr'><strong>in</strong></span> <span class='ocrx_word' id='word_1_261' title='bbox 415 3727 459 3781; x_wconf 87' lang='lat' dir='ltr'><strong>M.</strong></span> <span class='ocrx_word' id='word_1_262' title='bbox 472 3727 645 3800; x_wconf 73' lang='lat' dir='ltr'><strong>polymorpho</strong></span> <span class='ocrx_word' id='word_1_263' title='bbox 663 3735 693 3782; x_wconf 84' lang='lat' dir='ltr'><strong>et</strong></span> <span class='ocrx_word' id='word_1_264' title='bbox 705 3727 809 3801; x_wconf 76' lang='lat' dir='ltr'><strong>plicato</strong></span> <span class='ocrx_word' id='word_1_265' title='bbox 827 3730 915 3783; x_wconf 90' lang='lat' dir='ltr'><strong>multo</strong></span> <span class='ocrx_word' id='word_1_266' title='bbox 934 3729 1056 3786; x_wconf 86' lang='lat' dir='ltr'><strong>minores</strong></span> <span class='ocrx_word' id='word_1_267' title='bbox 1075 3740 1150 3799; x_wconf 91' lang='lat' dir='ltr'><strong>suut,</strong></span> <span class='ocrx_word' id='word_1_268' title='bbox 1167 3741 1206 3800; x_wconf 89' lang='lat' dir='ltr'><strong>et,</strong></span> <span class='ocrx_word' id='word_1_269' title='bbox 1224 3736 1249 3790; x_wconf 87' lang='lat' dir='ltr'><strong>si</strong></span> 
     </span>
     <span class='ocr_line' id='line_1_36' title="bbox 112 3815 1247 3892; baseline 0.008 -23"><span class='ocrx_word' id='word_1_270' title='bbox 112 3818 280 3886; x_wconf 72' lang='lat' dir='ltr'><strong>marginales</strong></span> <span class='ocrx_word' id='word_1_271' title='bbox 299 3815 423 3886; x_wconf 86' lang='lat' dir='ltr'><strong>excipis,</strong></span> <span class='ocrx_word' id='word_1_272' title='bbox 447 3819 539 3870; x_wconf 88' lang='lat' dir='ltr'><strong>miuus</strong></span> <span class='ocrx_word' id='word_1_273' title='bbox 558 3816 704 3870; x_wconf 85' lang='lat' dir='ltr'><strong>evidenter</strong></span> <span class='ocrx_word' id='word_1_274' title='bbox 728 3817 940 3886; x_wconf 86' lang='lat' dir='ltr'><strong>conspiciuntur</strong></span> <span class='ocrx_word' id='word_1_275' title='bbox 959 3819 1139 3892; x_wconf 82' lang='lat' dir='ltr'><strong>speciemque</strong></span> <span class='ocrx_word' id='word_1_276' title='bbox 1157 3839 1247 3878; x_wconf 80' lang='lat' dir='ltr'><strong>reuu-</strong></span> 
     </span>
     <span class='ocr_line' id='line_1_37' title="bbox 113 3905 1249 3981; baseline 0.005 -21"><span class='ocrx_word' id='word_1_277' title='bbox 113 3906 198 3960; x_wconf 87' lang='lat' dir='ltr'><strong>lcsam</strong></span> <span class='ocrx_word' id='word_1_278' title='bbox 218 3905 312 3975; x_wconf 89' lang='lat' dir='ltr'><strong>potius</strong></span> <span class='ocrx_word' id='word_1_279' title='bbox 331 3905 423 3960; x_wconf 90' lang='lat' dir='ltr'><strong>irondi</strong></span> <span class='ocrx_word' id='word_1_280' title='bbox 442 3905 595 3974; x_wconf 86' lang='lat' dir='ltr'><strong>praebeat,</strong></span> <span class='ocrx_word' id='word_1_281' title='bbox 612 3905 642 3959; x_wconf 92' lang='lat' dir='ltr'><strong>iu</strong></span> <span class='ocrx_word' id='word_1_282' title='bbox 662 3911 758 3960; x_wconf 86' lang='lat' dir='ltr'><strong>nostre</strong></span> <span class='ocrx_word' id='word_1_283' title='bbox 777 3907 875 3975; x_wconf 90' lang='lat' dir='ltr'><strong>planta</strong></span> <span class='ocrx_word' id='word_1_284' title='bbox 890 3923 1026 3976; x_wconf 85' lang='lat' dir='ltr'><strong>maguae,</strong></span> <span class='ocrx_word' id='word_1_285' title='bbox 1044 3913 1063 3962; x_wconf 84' lang='lat'>2</span> <span class='ocrx_word' id='word_1_286' title='bbox 1081 3909 1130 3963; x_wconf 89' lang='lat' dir='ltr'><strong>liu.</strong></span> <span class='ocrx_word' id='word_1_287' title='bbox 1148 3911 1249 3981; x_wconf 84' lang='lat' dir='ltr'><strong>longae</strong></span> 
     </span>
     <span class='ocr_line' id='line_1_38' title="bbox 112 3993 1249 4064; baseline 0.004 -14"><span class='ocrx_word' id='word_1_288' title='bbox 112 4003 140 4050; x_wconf 90' lang='lat' dir='ltr'><strong>et</strong></span> <span class='ocrx_word' id='word_1_289' title='bbox 163 3995 335 4049; x_wconf 88' lang='lat' dir='ltr'><strong>semilioeam</strong></span> <span class='ocrx_word' id='word_1_290' title='bbox 363 3995 453 4060; x_wconf 88' lang='lat' dir='ltr'><strong>latae,</strong></span> <span class='ocrx_word' id='word_1_291' title='bbox 488 3993 604 4062; x_wconf 88' lang='lat' dir='ltr'><strong>nigrae,</strong></span> <span class='ocrx_word' id='word_1_292' title='bbox 634 4010 732 4048; x_wconf 81' lang='lat' dir='ltr'><strong>uersus</strong></span> <span class='ocrx_word' id='word_1_293' title='bbox 762 3994 870 4050; x_wconf 81' lang='lat' dir='ltr'><strong>frondis</strong></span> <span class='ocrx_word' id='word_1_294' title='bbox 903 3995 1058 4064; x_wconf 75' lang='lat' dir='ltr'><strong>marginem</strong></span> <span class='ocrx_word' id='word_1_295' title='bbox 1083 3997 1113 4051; x_wconf 90' lang='lat' dir='ltr'><strong>in</strong></span> <span class='ocrx_word' id='word_1_296' title='bbox 1139 3999 1249 4054; x_wconf 91' lang='lat' dir='ltr'><strong>discum</strong></span> 
     </span>
     <span class='ocr_line' id='line_1_39' title="bbox 112 4083 1249 4152; baseline 0.004 -14"><span class='ocrx_word' id='word_1_297' title='bbox 112 4083 289 4139; x_wconf 74' lang='lat' dir='ltr'><strong>senioralem</strong></span> <span class='ocrx_word' id='word_1_298' title='bbox 312 4083 643 4152; x_wconf 80' lang='lat' dir='ltr'><strong>hyalino-marginatum</strong></span> <span class='ocrx_word' id='word_1_299' title='bbox 667 4083 801 4137; x_wconf 88' lang='lat' dir='ltr'><strong>dilatatae</strong></span> <span class='ocrx_word' id='word_1_300' title='bbox 828 4090 902 4138; x_wconf 91' lang='lat' dir='ltr'><strong>scut.</strong></span> <span class='ocrx_word' id='word_1_301' title='bbox 947 4085 1132 4141; x_wconf 86' lang='lat' dir='ltr'><strong>Inveniuntur</strong></span> <span class='ocrx_word' id='word_1_302' title='bbox 1150 4089 1249 4143; x_wconf 90' lang='lat' dir='ltr'><strong>barum</strong></span> 
     </span>
     <span class='ocr_line' id='line_1_40' title="bbox 113 4170 1249 4247; baseline 0.007 -23"><span class='ocrx_word' id='word_1_303' title='bbox 113 4171 320 4241; x_wconf 86' lang='lat' dir='ltr'><strong>squamuiarurn</strong></span> <span class='ocrx_word' id='word_1_304' title='bbox 345 4170 479 4226; x_wconf 89' lang='lat' dir='ltr'><strong>acariua</strong></span> <span class='ocrx_word' id='word_1_305' title='bbox 498 4171 591 4225; x_wconf 86' lang='lat' dir='ltr'><strong>media</strong></span> <span class='ocrx_word' id='word_1_306' title='bbox 615 4186 704 4242; x_wconf 88' lang='lat' dir='ltr'><strong>usque</strong></span> <span class='ocrx_word' id='word_1_307' title='bbox 730 4171 765 4226; x_wconf 87' lang='lat' dir='ltr'><strong>ad</strong></span> <span class='ocrx_word' id='word_1_308' title='bbox 794 4171 948 4241; x_wconf 74' lang='lat' dir='ltr'><strong>marginem</strong></span> <span class='ocrx_word' id='word_1_309' title='bbox 972 4180 1029 4228; x_wconf 87' lang='lat' dir='ltr'><strong>tres</strong></span> <span class='ocrx_word' id='word_1_310' title='bbox 1059 4177 1103 4231; x_wconf 84' lang='lat' dir='ltr'><strong>vei</strong></span> <span class='ocrx_word' id='word_1_311' title='bbox 1127 4185 1249 4247; x_wconf 87' lang='lat' dir='ltr'><strong>quatuor</strong></span> 
     </span>
     <span class='ocr_line' id='line_1_41' title="bbox 114 4259 1249 4331; baseline 0.004 -17"><span class='ocrx_word' id='word_1_312' title='bbox 114 4261 198 4314; x_wconf 90' lang='lat' dir='ltr'><strong>series</strong></span> <span class='ocrx_word' id='word_1_313' title='bbox 234 4261 420 4324; x_wconf 87' lang='lat' dir='ltr'><strong>alternantes,</strong></span> <span class='ocrx_word' id='word_1_314' title='bbox 456 4259 570 4330; x_wconf 87' lang='lat' dir='ltr'><strong>oblique</strong></span> <span class='ocrx_word' id='word_1_315' title='bbox 606 4267 697 4314; x_wconf 86' lang='lat' dir='ltr'><strong>tractu</strong></span> <span class='ocrx_word' id='word_1_316' title='bbox 728 4261 855 4316; x_wconf 87' lang='lat' dir='ltr'><strong>iroudcm</strong></span> <span class='ocrx_word' id='word_1_317' title='bbox 887 4271 1097 4331; x_wconf 63' lang='lat' dir='ltr'><strong>percurrentem</strong></span> <span class='ocrx_word' id='word_1_318' title='bbox 1132 4264 1249 4318; x_wconf 88' lang='lat' dir='ltr'><strong>ultimae</strong></span> 
     </span>
     <span class='ocr_line' id='line_1_42' title="bbox 113 4347 1248 4423; baseline 0.006 -24"><span class='ocrx_word' id='word_1_319' title='bbox 113 4361 244 4416; x_wconf 87' lang='lat' dir='ltr'><strong>squamae</strong></span> <span class='ocrx_word' id='word_1_320' title='bbox 282 4351 359 4402; x_wconf 89' lang='lat' dir='ltr'><strong>totae</strong></span> <span class='ocrx_word' id='word_1_321' title='bbox 396 4347 528 4417; x_wconf 79' lang='lat' dir='ltr'><strong>layaiiuae</strong></span> <span class='ocrx_word' id='word_1_322' title='bbox 571 4355 600 4403; x_wconf 90' lang='lat' dir='ltr'><strong>et</strong></span> <span class='ocrx_word' id='word_1_323' title='bbox 635 4364 651 4402; x_wconf 87' lang='lat' dir='ltr'><strong>e</strong></span> <span class='ocrx_word' id='word_1_324' title='bbox 687 4364 765 4404; x_wconf 89' lang='lat' dir='ltr'><strong>mare</strong></span> <span class='ocrx_word' id='word_1_325' title='bbox 804 4353 1015 4422; x_wconf 87' lang='lat' dir='ltr'><strong>squamuiurum</strong></span> <span class='ocrx_word' id='word_1_326' title='bbox 1051 4352 1248 4423; x_wconf 87' lang='lat' dir='ltr'><strong>marginalium</strong></span> 
     </span>
     <span class='ocr_line' id='line_1_43' title="bbox 114 4438 1247 4514; baseline 0.002 -23"><span class='ocrx_word' id='word_1_327' title='bbox 114 4440 360 4503; x_wconf 85' lang='lat' dir='ltr'><strong>orato-rotundae,</strong></span> <span class='ocrx_word' id='word_1_328' title='bbox 378 4439 518 4494; x_wconf 86' lang='lat' dir='ltr'><strong>scariosae</strong></span> <span class='ocrx_word' id='word_1_329' title='bbox 536 4444 565 4496; x_wconf 92' lang='lat' dir='ltr'><strong>et</strong></span> <span class='ocrx_word' id='word_1_330' title='bbox 579 4438 756 4493; x_wconf 82' lang='lat' dir='ltr'><strong>subreflexae</strong></span> <span class='ocrx_word' id='word_1_331' title='bbox 773 4448 849 4496; x_wconf 77' lang='lat' dir='ltr'><strong>suot</strong></span> <span class='ocrx_word' id='word_1_332' title='bbox 887 4439 1090 4514; x_wconf 73' lang='lat' dir='ltr'><strong>Rmeprcndurs</strong></span> <span class='ocrx_word' id='word_1_333' title='bbox 1097 4439 1247 4512; x_wconf 71' lang='lat' dir='ltr'><strong>saalum</strong></span> 
     </span>
     <span class='ocr_line' id='line_1_44' title="bbox 114 4527 1246 4602; baseline 0.007 -24"><span class='ocrx_word' id='word_1_334' title='bbox 114 4541 257 4596; x_wconf 81' lang='lat' dir='ltr'><strong>magnum,</strong></span> <span class='ocrx_word' id='word_1_335' title='bbox 282 4527 421 4584; x_wconf 86' lang='lat' dir='ltr'><strong>diametro</strong></span> <span class='ocrx_word' id='word_1_336' title='bbox 444 4530 529 4584; x_wconf 73' lang='lat' dir='ltr'><strong>tilia</strong></span> <span class='ocrx_word' id='word_1_337' title='bbox 550 4527 667 4584; x_wconf 86' lang='lat' dir='ltr'><strong>metiens</strong></span> <span class='ocrx_word' id='word_1_338' title='bbox 693 4535 723 4582; x_wconf 90' lang='lat' dir='ltr'><strong>et</strong></span> <span class='ocrx_word' id='word_1_339' title='bbox 741 4529 827 4584; x_wconf 88' lang='lat' dir='ltr'><strong>radiis</strong></span> <span class='ocrx_word' id='word_1_340' title='bbox 848 4535 895 4598; x_wconf 90' lang='lat' dir='ltr'><strong>lt,</strong></span> <span class='ocrx_word' id='word_1_341' title='bbox 921 4546 1039 4602; x_wconf 89' lang='lat' dir='ltr'><strong>quorum</strong></span> <span class='ocrx_word' id='word_1_342' title='bbox 1062 4530 1196 4600; x_wconf 88' lang='lat' dir='ltr'><strong>quisque,</strong></span> <span class='ocrx_word' id='word_1_343' title='bbox 1221 4531 1246 4586; x_wconf 88' lang='lat' dir='ltr'><strong>si</strong></span> 
     </span>
    </p>
   </div>
   <div class='ocr_carea' id='block_1_10' title="bbox 0 0 1547 5086">
    <p class='ocr_par' dir='ltr' id='par_1_13' title="bbox 0 0 1547 5086">
     <span class='ocr_line' id='line_1_45' title="bbox 0 0 1547 5086; baseline 0 0"><span class='ocrx_word' id='word_1_344' title='bbox 0 0 1547 5086; x_wconf 95' lang='lat' dir='ltr'><strong> </strong></span> 
     </span>
    </p>
   </div>
  </div>
 </body>
</html>
