3076 5086
241 368 295 420 tslt
702 363 927 434 Plagiocbasma.

316 535 434 588 Frondes
459 533 487 586 in
510 533 664 603 caespitem
693 533 1006 604 viridi-purpureoque
1030 533 1202 599 variegatam
1225 539 1399 600 congestae,

245 624 403 694 simplices,
422 621 763 687 obsordere-concesse,
786 623 860 676 duas
884 623 974 677 lineas
994 621 1096 689 longae
1115 631 1143 675 et
1161 623 1268 691 apicem
1288 638 1399 677 versus

246 715 409 784 ampliatum
444 710 709 780 emarginatumque
740 711 859 765 eandem
892 710 1108 779 amplitudinem
1142 711 1305 775 metientes,
1330 711 1399 764 iere

245 804 352 860 scilicet
372 799 553 863 orbiculares,
572 805 696 864 tenerae,
716 799 956 862 membranaceae,
983 797 1075 866 medio
1094 797 1194 854 subtus
1214 799 1399 854 incrassatae

245 900 274 946 et
292 890 331 944 ibi
352 887 492 941 radiculas
519 902 686 942 numerosas
714 901 778 940 cum
803 888 929 956 squamis
953 888 1059 942 mixtas
1079 889 1251 942 tenuissimis
1269 891 1396 942 lanceo-

246 981 311 1036 latis
335 974 579 1054 atro-purpureis
609 981 655 1029 sat
682 975 814 1030 brevibus
841 991 894 1030 nec
920 977 956 1029 ad
983 976 1126 1044 margines
1150 977 1199 1032 sed
1225 984 1334 1030 tantuna
1365 976 1398 1029 in

246 1065 456 1135 emarginatura
475 1063 582 1118 frondis
600 1061 653 1116 sub
673 1063 837 1131 adspectum
858 1064 1046 1130 venientibus,
1065 1065 1197 1130 serentes,
1215 1083 1301 1134 supra
1315 1066 1399 1119 lacte

247 1163 276 1212 ct
293 1157 405 1212 intense
423 1153 546 1221 virides,
573 1152 747 1222 epidernride
775 1153 885 1207 lineolis
909 1154 996 1208 luscis
1023 1156 1172 1208 reticulata
1189 1153 1268 1222 (retis
1286 1154 1397 1208 areolis

248 1243 404 1314 hexagonis
437 1242 553 1311 papillis
585 1241 817 1311 hemisphaericis
849 1242 1016 1312 oblongisue
1048 1243 1170 1312 byalinis
1197 1243 1398 1311 interspersis)

247 1335 373 1404 margine
391 1331 529 1385 undulato
548 1329 738 1387 adscendente
757 1329 915 1400 subtusque
935 1338 1186 1400 stro-purpureae,
1204 1339 1283 1386 trans
1297 1332 1397 1386 lucem

249 1425 399 1492 adspectas
418 1419 627 1474 subriolaceae.
665 1421 699 1473 ln
720 1420 792 1474 tacie
811 1436 900 1489 prona
920 1421 964 1474 rel
984 1419 1108 1474 interiori
1126 1420 1229 1475 adsunt
1251 1429 1281 1474 et
1297 1421 1398 1490 plicae

248 1510 445 1573 tenuissimae,
471 1523 544 1578 quae
564 1523 581 1561 a
600 1515 699 1563 centro
717 1507 753 1561 ad
772 1509 914 1575 margines
933 1508 1054 1562 radiant.
1092 1507 1294 1580 Recepemlum
1302 1509 1396 1579 seme·-

248 1619 325 1657 sseurn
342 1602 677 1665 mono-pentaoarpunr,
697 1612 752 1652 uon
772 1603 867 1651 autem
887 1613 923 1650 ex
942 1597 1153 1665 emarginatnra
1171 1597 1322 1665 prodiens,
1340 1598 1397 1651 scd

249 1711 265 1748 e
284 1688 376 1744 medio
395 1685 523 1740 lobornm
542 1684 649 1739 frondis
669 1700 725 1739 non
744 1685 827 1753 longe
846 1695 911 1739 ante
937 1686 1047 1755 apicem
1073 1701 1206 1754 surgens,
1230 1685 1398 1754 pedunculo

250 1775 426 1838 brevissimo,
446 1772 518 1826 duas
537 1772 572 1827 ad
593 1788 731 1828 summum
752 1773 841 1827 lineas
860 1775 954 1844 lengo,
974 1775 1034 1828 lrasi
1054 1790 1214 1843 compresso
1232 1777 1309 1829 nudo
1328 1776 1397 1830 lon-

250 1864 441 1936 gitudinaliter
466 1861 565 1918 striato
590 1862 672 1923 albo,
699 1862 808 1917 cellulis
834 1864 1045 1927 minutissimis,
1083 1864 1120 1918 ad
1145 1861 1213 1917 axin
1239 1862 1399 1916 neutralem

250 1955 367 2011 densius
384 1949 516 2006 confertis
537 1951 725 2022 radiatimque
744 1950 888 2007 conversis
906 1953 1073 2022 composito,
1091 1951 1173 2022 apice
1186 1952 1286 2006 subtus
1302 1951 1397 2020 paleis

251 2041 422 2101 tenuissimis
440 2040 523 2108 lenge
543 2041 678 2106 barbato,
708 2041 862 2095 suffultum.
899 2040 1074 2096 Incolumi
1095 2041 1132 2096 ad
1150 2045 1184 2106 n,
1211 2041 1269 2095 tere
1288 2041 1398 2095 lineam

252 2139 352 2204 longa,
371 2129 546 2186 seruilineam
566 2130 638 2196 lata,
658 2129 776 2195 viridia,
799 2129 835 2182 ad
854 2129 963 2198 apicem
983 2115 1134 2198 pedunculi
1153 2128 1398 2197 longitudinaliter

253 2224 337 2280 allisa
356 2219 526 2287 sibimetque
544 2217 628 2272 derso
646 2218 780 2287 contigua
800 2216 938 2283 bivalria,
965 2235 1015 2273 seu
1040 2219 1211 2273 verticaliter
1228 2219 1297 2272 rima
1316 2217 1394 2272 inte-

254 2310 373 2382 gerrima
391 2306 576 2362 dehiscentia.
614 2305 792 2376 Quandoque
810 2305 985 2360 involucrum
1004 2305 1160 2363 solitarium
1178 2306 1302 2360 cernitur
1321 2305 1397 2361 snb

254 2398 368 2461 sessile,
387 2393 548 2464 pedunculo
574 2393 755 2459 abbreviato,
782 2400 848 2448 tunc
873 2394 942 2448 rima
967 2411 1070 2464 supera
1095 2402 1125 2450 et
1143 2395 1340 2450 transversalis
1363 2401 1398 2448 ut

254 2488 282 2541 in
323 2483 509 2554 receptaculis
545 2482 723 2552 monocarpis
766 2481 1004 2552 Plagicelusmatis
1030 2483 1180 2538 Peruuisni
1220 2483 1398 2554 aliarumque

255 2574 411 2644 specierum
434 2571 584 2626 iuvenitur.
627 2571 662 2626 Id
688 2571 713 2624 si
737 2571 901 2638 contigerit,
927 2571 1047 2640 vestigia
1072 2571 1279 2628 involucrorum
1307 2573 1398 2626 aber-

255 2664 383 2719 tientium
404 2661 457 2716 sub
476 2661 621 2716 involucro
639 2657 724 2714 fertili
743 2660 787 2715 vel
807 2660 843 2713 ad
867 2659 958 2729 ipsius
981 2660 1063 2715 basin
1089 2667 1235 2716 remanent
1256 2670 1286 2715 et
1312 2661 1400 2716 iaeile

256 2751 513 2823 deprehenduntur.
551 2749 681 2821 Calypson
701 2747 866 2813 tenerrima,
891 2749 1000 2814 albida,
1026 2749 1099 2818 stylo
1116 2751 1235 2818 parvulo
1252 2759 1400 2814 coronata,

162 2841 167 2854 ⁸
256 2842 399 2897 eoellnlis
417 2854 503 2911 quam
524 2838 647 2892 maxime
670 2836 873 2905 irregularibus
898 2845 1048 2903 constans,
1074 2839 1156 2906 spice
1181 2839 1238 2893 cito
1260 2839 1400 2907 rumpitur

257 2937 286 2985 et
303 2945 412 2998 semper
431 2943 495 2982 eum
515 2926 660 2981 involucro
679 2933 737 2980 tem
757 2933 834 2980 arcte
854 2927 994 2991 cohaeret,
1015 2933 1046 2980 ut
1065 2927 1103 2982 sit
1114 2927 1256 2982 disiuncto
1269 2927 1398 2982 difficilis.

259 3017 371 3089 capsula
385 3015 591 3085 (sporangium)
608 3015 765 3082 sphaerica,
777 3015 913 3080 brunnen,
932 3016 1071 3072 diametro
1080 3016 1255 3072 semilineam
1268 3018 1399 3081 metiens,

259 3104 396 3174 pedlcello
415 3102 530 3156 suffulta
547 3110 677 3172 quartam
697 3103 789 3156 lineae
808 3111 917 3173 partem
937 3105 1132 3176 adaequante,
1157 3105 1187 3159 in
1206 3106 1294 3161 londo
1315 3107 1398 3160 invo-

258 3191 329 3246 lucri
353 3190 452 3256 affixo,
480 3191 509 3244 iu
535 3191 655 3246 lacinias
678 3193 773 3262 plures
799 3194 969 3262 irregulares
993 3194 1076 3263 apice
1098 3194 1254 3250 dehiscens.
1299 3194 1403 3267 Sporus

259 3277 582 3350 globoso-polylidrae,
624 3280 727 3349 quinas
761 3290 855 3350 partes
887 3283 1056 3338 centesimas
1083 3283 1234 3337 millimetri
1262 3281 1402 3336 diametro

261 3375 431 3439 aequantes,
456 3369 684 3433 tusco-rubrae,
709 3369 863 3437 obscurae,
890 3372 1045 3426 muricibus
1069 3372 1179 3426 obtusis
1203 3371 1345 3441 spiraliter
1370 3378 1402 3424 ut

261 3457 372 3511 videtur
389 3457 501 3512 seriatis
519 3456 677 3513 echinatae.
715 3458 833 3514 Elatum
851 3459 967 3528 trispiri,
985 3461 1115 3524 flexuosi,
1134 3459 1263 3528 apicibus
1281 3458 1403 3520 obtusis,

262 3545 355 3601 medio
379 3547 432 3600 tilis
455 3545 602 3601 laxissime
625 3546 767 3615 spiraliter
792 3548 872 3604 tortis
891 3555 920 3603 et
938 3548 1058 3603 utriculo
1076 3549 1217 3616 contiguis
1235 3545 1402 3603 ventricosis

261 3635 475 3724 subcancelleti.
512 3634 705 3705 (Montagne.)

411 3749 437 3798 4.
474 3743 787 3814 Ptogtoclrossrso
802 3743 1079 3800 Paraetoniam
1107 3741 1143 3796 N.
1169 3748 1199 3798 et
1216 3741 1258 3796 Μ.

336 3827 384 3881 Pl.
394 3827 497 3900 fronde
515 3849 547 3884 eu
564 3833 636 3904 apice
652 3829 816 3884 urtieulstirn
833 3832 972 3884 irrrwoarrte
988 3827 1214 3900 nuspa-olearia
1229 3829 1319 3885 subtus
1329 3837 1401 3882 ano·

262 3934 397 3989 pur-pareres
414 3917 546 3988 ruguhsc,
564 3920 680 3991 quomis
695 3918 858 3974 pennalibus
874 3919 1172 3990 ooatotricrrguiarilrus
1188 3921 1262 3990 apice
1275 3915 1404 3972 mbulsts's

264 4008 301 4061 sel
320 4009 419 4078 apicem
439 4005 548 4078 ploratus
572 4018 676 4062 tastum
702 4007 796 4074 chniu,
814 4007 953 4080 sumtibus
974 4010 1004 4062 irs
1019 4008 1130 4081 frondis
1153 4007 1274 4062 articulis
1289 4007 1402 4069 msam,

262 4094 409 4165 pedunculo
426 4092 575 4150 hminum
592 4095 649 4151 lausi
662 4096 789 4169 palenoso,
812 4100 972 4170 recensente
980 4096 1097 4169 semines
1116 4094 1293 4167 1-2-0221»
1315 4094 1404 4148 saltus

265 4182 381 4236 imbuto.

409 4254 604 4322 Plagiocbssrns
631 4257 804 4308 Perusinorum
829 4255 865 4309 N.
884 4267 911 4310 et
928 4257 972 4312 M.
996 4257 1066 4328 Hep.
1091 4255 1162 4312 Iter.
1187 4256 1241 4311 lv.
1261 4273 1291 4327 p.
1315 4258 1360 4310 40.
1378 4264 1404 4308 et

474 4323 585 4377 LXIV.
623 4325 797 4381 Manaverat.
812 4325 851 4399 pl.
869 4327 924 4382 cell.
943 4329 971 4382 in
984 4328 1057 4382 Aac.
1075 4329 1118 4382 des
1134 4339 1267 4382 seramus.
1284 4326 1404 4380 anem,

475 4393 532 4450 IX.
552 4397 654 4464 (1888.)
677 4415 705 4468 p.
725 4403 770 4453 44.
789 4417 815 4452 rs.
835 4401 879 4452 76.
898 4410 922 4453 et
940 4400 969 4454 in
993 4399 1144 4472 d'Orbipsy
1168 4419 1223 4472 unp.
1241 4400 1306 4454 daus
1320 4397 1404 4452 Μαι.

473 4465 566 4519 ηιὲνίᾰ.
585 4466 649 4520 Bet.
666 4487 694 4540 p.
713 4475 758 4524 es.
778 4479 797 4523 t.
821 4472 842 4523 l.
853 4468 884 4539 f.
906 4473 929 4524 1.
