3076 5086
275 410 331 462 oio
771 403 934 460 haniaria.

276 574 401 663 obvii,
433 573 590 675 scyphis
622 584 693 648 aut
723 573 847 648 valvis
872 599 893 646 e
918 573 1033 650 dorso
1058 571 1257 650 frondium
1290 587 1429 651 ortum

275 691 512 769 ducentibus
537 690 835 766 circumvallati.

356 809 558 910 vegetatio
575 807 768 894 frondosa,
795 818 974 883 texturae
990 809 1197 885 cellulosae
1209 791 1427 909 perfectae.

276 929 496 1031 Epidermis
531 927 701 1000 arcclata
738 938 777 999 et
814 949 966 1026 porosa.
1028 927 1262 1025 Superficies
1297 953 1430 1026 prona

274 1071 388 1145 saepe
414 1044 587 1146 squamis
609 1042 826 1118 tenerrimis
844 1044 1027 1146 coloratis
1044 1043 1251 1143 perforatis
1269 1047 1427 1121 vestita.

273 1163 489 1239 Radiculae
505 1162 668 1250 multae,
695 1186 716 1233 c
733 1172 861 1235 tractu
877 1158 1006 1234 medlo
1025 1160 1186 1247 frondis,
1211 1161 1429 1240 incrassato

274 1307 405 1381 saepe,
437 1280 675 1380 prodeuntes
700 1305 882 1380 squamas
910 1278 1165 1381 perforantes,
1202 1281 1428 1370 tubulcsae,

273 1403 382 1477 intus
417 1397 930 1484 tuberculato·muricatae;
969 1388 1158 1482 fibrarum
1190 1394 1427 1474 radicalium

273 1515 452 1592 fasciculi
476 1516 556 1590 duo
583 1514 834 1614 plerumque,
870 1539 956 1590 raro
983 1513 1178 1612 singulus,
1204 1539 1225 1586 e
1252 1507 1428 1612 recepta·

273 1635 354 1710 culi
380 1642 514 1708 centro
540 1658 611 1730 per
641 1631 908 1731 pedunculum
944 1634 983 1708 in
1017 1619 1218 1708 canalibus
1249 1631 1427 1732 propriis

273 1747 525 1824 descendunt.

544 1949 550 1970 ·
694 1919 930 2004 Subtribus
964 1926 1001 2004 l.

612 2059 1075 2152 Isunulariestc.

359 2191 405 2256 N.
429 2181 469 2254 ui
493 2184 536 2252 Ε.
561 2185 647 2272 Hep.
672 2187 757 2251 Eur.
782 2185 847 2252 IV.
865 2209 902 2272 p.
924 2185 957 2252 9.
980 2199 1012 2253 et
1033 2185 1179 2254 LXIII.
1262 2205 1264 2209 ’

359 2307 500 2375 Fructus
534 2309 567 2373 in
599 2309 785 2395 pedunculo
819 2311 979 2373 communi
1012 2311 1202 2396 aggregati,
1245 2313 1422 2379 involucris

271 2416 411 2500 propriis
449 2413 599 2478 discretis
637 2415 840 2499 monocarpis
877 2414 1028 2499 praediti.
1089 2411 1301 2482 Perluuculus
1330 2438 1420 2482 com-

270 2520 376 2583 munis
393 2519 462 2582 basi
479 2517 712 2582 involucratus.
759 2513 923 2603 (lapsulae
939 2517 989 2582 vel
1005 2518 1045 2582 ad
1062 2519 1154 2583 basis
1169 2535 1273 2604 usque
1288 2522 1419 2605 quadri-

271 2623 469 2700 ootovalves,
494 2621 543 2686 vel
568 2620 789 2706 irregulariter
812 2622 951 2686 lacerae.
998 2621 1129 2713 Pistilla
1150 2622 1210 2688 sub
1234 2625 1361 2688 anthaei
1382 2627 1420 2688 in

270 2728 479 2814 receptaculo
511 2725 636 2802 eessili,
675 2727 779 2790 serius
808 2725 950 2811 dequue
978 2735 1206 2792 succrescente
1233 2729 1420 2814 pedunculo

270 2831 409 2910 sublato,
434 2838 555 2896 erecta.

567 2969 607 3034 1..
638 2967 700 3050 (1.)
726 2927 994 3039 nunnius-is
1017 2969 1121 3036 usos.

268 3103 461 3148 daummen-
500 3091 537 3144 N.
558 3088 591 3142 ab
611 3090 647 3144 Ε.
668 3090 739 3162 Hep.
759 3090 829 3145 Eirr.
849 3091 902 3145 lv.
924 3109 954 3162 p.
974 3090 1096 3146 XXIX.
1116 3103 1142 3146 et
1162 3097 1205 3146 il.
1223 3113 1251 3148 n.
1272 3097 1296 3148 l.
1340 3093 1419 3148 Esd-
1519 3063 1520 3074 ³

270 3180 349 3235 lieler
377 3181 443 3234 Gerr.
466 3198 496 3252 p.
521 3184 558 3233 44
584 3190 608 3233 et
635 3179 713 3234 1337.
741 3200 768 3234 rr.
787 3183 850 3234 466.
897 3181 1044 3250 Menteque
1068 3183 1097 3236 in
1124 3181 1204 3236 Webb
1236 3193 1262 3236 et
1281 3182 1419 3239 Bertlelot

203 3281 216 3288 “
269 3271 343 3324 Huc.
363 3281 419 3324 nur.
440 3271 491 3324 ins.
502 3268 570 3324 Con.
584 3269 649 3323 Bor.
669 3287 698 3340 p.
712 3273 757 3323 67.
796 3265 898 3340 Tcylcr
909 3270 938 3322 in
949 3270 1031 3324 Lina.
1044 3269 1185 3326 Transact.
1199 3268 1301 3328 XVII.
1314 3293 1344 3346 p.
1354 3279 1418 3329 388.

269 3357 397 3432 Biscloff
415 3360 446 3412 de
470 3359 623 3414 Mar-claret.
657 3359 687 3411 in
706 3359 773 3411 Νου.
793 3359 857 3414 Act.
877 3355 927 3411 Ac.
953 3359 990 3415 N.
1018 3359 1083 3415 Gur.
1110 3359 1212 3416 xvlt.
1239 3365 1265 3418 λ
1285 3382 1315 3435 p.
1338 3363 1418 3420 1000.
1519 3359 1520 3454 l

269 3449 449 3518 Scdgwickia
468 3447 603 3504 Bowdr'rls.
622 3447 735 3502 Eccurs.
760 3448 789 3502 in
808 3447 885 3502 Mau.
901 3467 930 3519 p.
949 3454 994 3504 ³5.
1020 3448 1103 3518 (carl.
1121 3469 1177 3522 syn.
1196 3451 1251 3522 cl.)
1281 3465 1309 3507 er
1334 3453 1419 3508 Redi.
1519 3455 1520 3506 l

270 3538 335 3592 Gerr.
361 3557 389 3610 p.
407 3543 452 3593 43,
478 3557 506 3593 rr.
531 3543 595 3593 458.
641 3537 835 3607 staurophora
860 3537 950 3592 Willd.
971 3539 1048 3592 Berl.
1068 3540 1147 3609 May.
1172 3541 1229 3597 Ill.
1254 3547 1282 3597 2.
1304 3562 1334 3616 p.
1357 3549 1417 3598 101.

268 3627 470 3683 Marchautiac
489 3644 566 3698 spec.
585 3627 667 3682 Lina.
686 3637 711 3680 et
729 3636 811 3681 aseri.

339 3732 459 3792 Dioicai
497 3733 723 3804 Receptaculum
748 3733 900 3788 femineum
927 3733 1051 3803 nullum,
1081 3730 1136 3790 uisi
1161 3751 1237 3806 apex
1263 3734 1417 3807 peduucoli

268 3827 425 3880 communis
450 3823 635 3879 incrassatus.
674 3814 859 3878 Peduisoulus
886 3823 922 3877 ed
947 3823 1030 3878 basin
1054 3822 1247 3880 iuroiucntus
1270 3826 1418 3882 involucro

268 3913 487 3970 membranaceo
513 3913 687 3985 polyphyilo.
743 3912 894 3968 lurciucrs
923 3913 1058 3982 partialis
1091 3912 1121 3967 in
1148 3914 1231 3985 apice
1261 3916 1416 3986 peduncuii

267 4010 390 4073 quatuor
409 4005 537 4059 cruciats
554 4004 690 4071 (subinde
712 4007 829 4070 1,2,³,
848 4006 867 4058 5
885 4008 935 4056 aut
952 4003 997 4072 6),
1026 4003 1062 4054 ad
1086 4002 1259 4059 horizontem
1279 4007 1415 4079 patentia,

268 4087 402 4156 discreta,
423 4092 504 4161 apice
518 4094 692 4148 verticaliter
704 4092 852 4158 bilubiute,
866 4105 1047 4160 mcnocarps.
1081 4091 1279 4149 Periautlsium
1298 4096 1416 4151 nulium.

268 4179 405 4250 Galyptra
423 4181 548 4250 incluso,
568 4183 643 4251 stylo
660 4189 810 4246 coronata,
835 4181 941 4238 rcrtice
959 4194 1102 4251 rumpens.
1140 4183 1304 4240 Redicclins
1321 4175 1412 4254 iosglss

267 4270 366 4324 tudine
384 4270 531 4326 involucri.
570 4272 697 4340 capsula
715 4278 838 4338 exessu,
857 4271 963 4339 tenuis,
981 4271 1090 4328 cellulis
1108 4273 1307 4341 exosculatis,
1325 4278 1412 4330 Μ-

266 4361 377 4428 valvis,
402 4347 492 4416 'valvis
518 4361 683 4430 patentibus
709 4361 915 4418 subtertilibus.
952 4361 1081 4420 Blateres
1107 4361 1222 4432 irispiri,
1245 4363 1412 4430 tenuissimi,

267 4437 400 4518 decidui,
426 4449 527 4520 paucis
552 4450 582 4505 in
608 4449 753 4505 valvarum
778 4443 909 4520 apicibus
927 4451 1057 4508 residuis.
1096 4453 1212 4507 Semina
1231 4450 1411 4509 laeviusculs.

267 4533 381 4597 riscus
400 4541 453 4596 sub
474 4533 585 4597 authcsl
603 4544 622 4596 4
639 4545 688 4597 -6
705 4539 835 4596 indisso
853 4541 1037 4612 receptaculi,
1055 4547 1125 4598 tunc
1142 4539 1278 4614 temperis
1297 4537 1414 4612 sessilis,
