3110 5084
724 401 912 471 Gymnanthe.

659 569 893 655 Subtribus
922 572 964 652 4.

614 717 1021 817 Gcocatyccac.

334 857 380 922 N.
404 857 445 921 ab
469 855 512 921 Ε.
536 854 623 939 Hap.
647 853 731 918 Eur.
756 852 785 917 Ι.
803 876 841 939 p.
866 853 940 918 101.
965 850 1014 915 II.
1033 873 1071 936 p.
1086 849 1162 916 385.
1187 849 1258 914 IIl.
1272 873 1310 936 p.
1325 852 1385 916 571

245 972 276 1025 et
296 959 372 1025 572.
416 957 480 1022 IV.
499 980 537 1043 p.
555 954 710 1020 XXIII.
757 956 937 1020 Endlicher
956 955 1086 1041 Genp.
1103 954 1200 1020 1343.
1233 955 1390 1018 Gottsclse

247 1067 324 1130 ilber
350 1063 403 1128 die
431 1060 685 1143 Fructificution
712 1059 772 1124 der
797 1059 854 1146 Jy.
887 1059 1103 1145 Geooalyoeac
1134 1061 1169 1121 in
1198 1058 1282 1122 Noc.
1311 1059 1387 1121 Act.

245 1169 306 1232 Ac.
331 1168 414 1232 Nat.
437 1187 506 1230 cur.
531 1163 645 1228 XXI.
664 1187 701 1250 p.
724 1164 756 1229 2.
774 1159 809 1227 o.
828 1161 913 1226 tabo.
936 1163 969 1227 2.

334 1269 477 1356 capsula
493 1267 606 1341 solida,
631 1275 731 1342 recta,
756 1267 795 1332 ad
813 1267 903 1330 basin
920 1285 1021 1349 usque
1044 1263 1272 1348 quadrivalvis.
1314 1263 1389 1328 Ela-

247 1384 332 1438 teres
355 1375 480 1459 bispirI.
520 1370 743 1436 Fructificatio
766 1371 818 1434 vel
840 1393 859 1435 o
881 1381 993 1434 ventre
1017 1369 1158 1433 lateralis
1180 1369 1220 1432 ad
1245 1370 1389 1454 speciem

248 1477 400 1564 pendula,
427 1475 477 1539 vul
499 1475 686 1551 terminalis,
722 1475 773 1540 vel
797 1474 918 1538 rumulo
943 1473 993 1537 vel
1016 1473 1116 1536 caulis
1140 1474 1225 1558 apici
1246 1481 1388 1544 auocato,

246 1601 345 1664 saepe
368 1599 502 1643 carnoso
530 1577 711 1655 (involucro
733 1600 831 1642 sensu
861 1578 980 1657 latiori)
1010 1579 1174 1652 immersa,
1208 1577 1389 1662 periantlrio

248 1683 298 1746 vel
333 1704 405 1746 curn
439 1692 509 1745 toro
550 1680 732 1746 confluente
775 1680 825 1745 vel
865 1679 1047 1744 deficiente.
1106 1679 1199 1744 Folia
1234 1681 1388 1742 succuba.

249 1783 455 1849 Ramificatlo
479 1805 572 1868 vaga.
605 1783 744 1849 Plantae
762 1785 942 1858 terricolae,
967 1777 1137 1846 nonnullae
1161 1783 1388 1867 genimiparae.

449 1917 555 1983 XVI.
605 1918 921 2005 Gymntmtlle
950 1917 1081 2004 Taylor.
1114 1917 1180 1982 Mo.

311 2013 494 2076 'Acrobolbus
514 2021 593 2076 Neos
611 2021 648 2076 ab
667 2022 814 2076 Esenbeok
833 2039 870 2076 ox
890 2029 978 2092 parte.
1016 2023 1127 2094 Syuope.
1148 2022 1249 2093 Heput.
1264 2039 1294 2091 p.
1312 2025 1332 2074 6
1348 2038 1387 2090 sq.

249 2129 470 2195 Receptaculurn
494 2144 658 2193 commuue,
677 2127 839 2194 terminale,
863 2129 1045 2191 obcunIonm,
1069 2127 1252 2183 descendens.
1296 2127 1387 2196 calyx

249 2217 350 2270 nullus.
388 2218 514 2286 capsula
531 2216 739 2287 quadriralvis,
767 2226 828 2270 seta
847 2217 969 2272 suffulta.
1008 2218 1135 2272 Elateros
1162 2215 1278 2286 spitales
1301 2215 1386 2271 semi·

249 2305 331 2360 uibus
358 2305 506 2361 interiecti.
555 2307 696 2360 Autherue
724 2306 753 2360 in
786 2305 913 2362 iollorum
945 2307 1039 2362 axillis
1062 2307 1167 2360 liberae
1193 2303 1386 2374 pediueltatse.

251 2393 351 2466 Tuylur·
369 2395 397 2449 in
416 2394 510 2450 literis.

321 2486 484 2539 Secundum
495 2485 554 2540 'cel
574 2486 677 2555 'l'sylor
696 2486 732 2540 ad
753 2486 805 2540 hoc
823 2501 912 2554 genus
930 2486 1109 2540 referendae:

556 2580 580 2630 1.
619 2576 866 2647 Gynnnantlso
889 2575 1083 2631 Wilematl.

392 2667 555 2716 Acroboltnrs
576 2667 693 2717 Wilronii
714 2665 824 2737 Synops.
844 2665 915 2736 Hep.
932 2684 960 2736 p.
980 2671 1006 2719 ὁ.
1029 2663 1154 2719 Gottselte
1172 2663 1213 2717 Iu.
1234 2663 1303 2734 Hep.
1321 2663 1390 2716 uteri

323 2753 454 2808 Nostrum
475 2754 572 2808 Genus
594 2752 771 2808 Acrobolbus
796 2754 889 2808 lorsan
915 2754 1021 2822 optImo
1044 2755 1104 2808 iure
1129 2769 1191 2806 cum
1212 2752 1390 2821 Gymnanthe

248 2841 360 2908 Taylorl
379 2841 619 2910 coniungenduur,
639 2842 688 2894 sed
708 2841 803 2911 inopia
822 2841 1005 2912 speciminurn
1024 2851 1053 2898 et
1071 2858 1134 2896 uum
1155 2841 1224 2896 alias
1244 2842 1391 2910 Gymnan-

250 2930 311 2983 thas
327 2929 356 2984 in
371 2931 495 2998 perlecta
511 2929 723 3008 fructificatione
742 2932 865 2986 noudum
886 2931 1048 2996 viderimus,
1068 2933 1141 2986 hanc
1156 2930 1390 2994 coniunctionem,

249 3033 332 3084 quarn
352 3018 537 3086 suspicamur,
555 3025 632 3073 certo
651 3026 735 3087 pacto
753 3023 878 3076 stabilire
898 3021 1047 3076 noluimus.

512 3113 539 3161 2.
577 3108 825 3180 Gymnontlse
842 3112 997 3165 tenello
1014 3110 1124 3178 Taylor.

322 3195 357 3249 G.
375 3195 448 3250 caule
466 3196 651 3268 procumbente
676 3217 776 3252 ruinoso
801 3219 814 3253 e
840 3208 931 3253 ventre
956 3199 1094 3251 innovante
1115 3198 1279 3271 fluqellisero
1292 3219 1391 3274 parurn

249 3284 373 3348 radicare,
390 3286 472 3340 rumis
480 3286 637 3358 fi·rtrtiserir
654 3288 726 3358 apice
745 3290 846 3344 densius
855 3289 974 3359 foliolis,
992 3287 1123 3342 sterilium
1132 3288 1213 3359 foliis
1221 3292 1391 3344 mereati-

251 3377 311 3439 bm,
332 3377 449 3448 stapellis
476 3380 554 3432 nudis
580 3397 638 3433 eum
665 3377 844 3432 ruelunIurum
869 3378 934 3431 toris
961 3376 1171 3440 alternantibus,
1196 3378 1277 3447 soliis
1303 3389 1390 3433 cuuto-

250 3463 364 3534 oblonpr's
387 3469 504 3521 ntnmtr's
526 3469 598 3540 apice
623 3467 900 3538 bifido-emurpinutis
923 3465 1046 3530 ematis,
1080 3466 1279 3537 amphipostsu'is
1302 3467 1392 3532 nullis,

242 3550 343 3619 fructu
359 3553 389 3606 in
408 3555 508 3610 rumulo
527 3555 670 3610 luminali.

395 3647 559 3712 Gyrunauthu
585 3648 676 3696 tenella
703 3643 827 3698 Gottsele
853 3652 878 3697 el
897 3643 931 3696 L.
955 3643 984 3696 ln
1003 3643 1095 3698 Lelm.
1120 3645 1193 3714 Pup.
1214 3645 1297 3698 VIII.
1319 3663 1347 3716 p.
1369 3652 1391 3702 l.

460 3715 584 3769 Gottsclte
601 3715 643 3771 Iu.
663 3716 734 3786 Hep.
753 3717 824 3769 ined-

393 3807 595 3871 tunger-mannia
608 3809 698 3856 tenella
720 3805 819 3878 Tuylor
837 3806 865 3858 in
883 3805 964 3857 Lond.
974 3802 1070 3857 Jonm.
1081 3805 1115 3875 ⁰f
1124 3804 1175 3860 bot.
1197 3811 1274 3860 184⁴.
1289 3825 1319 3878 p.
1329 3812 1393 3863 377.

325 3889 445 3946 Habitat
468 3892 496 3946 in
520 3894 609 3946 Terra
634 3909 688 3948 van
714 3892 836 3946 Diemen
862 3891 934 3960 (Hb.
952 3892 1055 3960 Taylor
1074 3900 1103 3946 et
1122 3893 1312 3950 Gottsolrenx
1334 3896 1392 3951 Hb.

253 3979 388 4051 Groviile)
406 3987 434 4034 et
452 3981 480 4035 in
502 3981 606 4036 InsuIIs
626 3981 774 4036 Aucklund
794 3981 924 4050 (Hoolrer
939 3982 1023 4050 jun).

325 4067 417 4122 Oculis
438 4074 503 4125 t-8
517 4071 667 4140 polliceris,
685 4071 843 4126 inordinate
854 4085 989 4136 ramosus,
1009 4086 1094 4139 parco
1106 4070 1291 4137 rudiculosas,
1307 4088 1391 4142 prae·

253 4155 348 4212 sertiut
378 4158 413 4211 ud
443 4166 534 4213 ortum
563 4161 734 4228 flagellorum
767 4175 980 4228 ramorumque,
1014 4157 1122 4214 viridis.
1173 4157 1258 4214 Romi
1285 4161 1394 4215 steriles

253 4247 389 4315 elongati,
410 4248 550 4317 unciales,
575 4250 649 4304 toliis
668 4265 767 4304 versus
786 4248 895 4317 apicem
915 4248 1083 4303 admodum
1102 4249 1273 4316 flagellorum
1292 4250 1391 4305 decre-

253 4336 411 4403 scontibus;
446 4337 551 4392 fertiles
580 4339 642 4394 basi
671 4339 745 4394 totns
779 4338 934 4393 miuoribus
962 4339 1059 4406 ,magis
1092 4336 1263 4392 distantibus
1294 4354 1394 4392 versus

255 4425 363 4494 apicem
389 4427 543 4482 maioribus
567 4434 596 4482 et
621 4426 1023 4482 contortionibnsrestiuntur.
1061 4425 1141 4480 Folia
1159 4428 1271 4482 oauliua
1291 4433 1392 4481 orato·

254 4513 386 4584 oblonga,
404 4515 466 4572 basi
484 4516 624 4572 cuneatim
636 4522 792 4584 attenuata,
811 4517 943 4585 contigua
961 4517 1004 4571 vol
1024 4515 1235 4578 subimbrlostu,
1255 4513 1393 4581 putentis·
