3110 5084
271 417 325 469 262
765 415 918 470 Ptilidiuur.

270 587 386 654 erromtr'r
412 583 484 654 lenpe
512 584 622 649 ciliniae,
651 585 848 657 umpbrpnetrisssr
878 586 1009 657 profunde
1035 585 1122 654 defidit
1150 585 1299 660 luciniirqne
1328 589 1414 658 bifidis

269 673 492 738 ninere-odiatis,
534 675 597 728 retis
631 674 740 728 nruenlis
781 673 1017 744 lineari-oblmis
1053 679 1221 730 tremensem
1254 677 1413 739 mbserinfin

344 852 376 904 lu
399 851 521 907 Perusia
540 853 575 906 ad
598 851 790 922 Pinnioobilum
810 854 1006 907 Hooleeriorrum
1023 873 1111 926 repens
1130 855 1200 920 (Hb.
1211 857 1258 924 L.)

343 941 386 994 Ad
407 942 551 996 Ptilidiunr
570 941 723 996 laciniosum
742 943 877 997 aeeedere
897 944 1007 998 videtur
1025 959 1077 996 nee
1098 944 1155 998 lere
1176 945 1293 999 dubium
1318 954 1414 1008 restat,

270 1029 337 1098 quin
357 1030 394 1085 sit
414 1030 521 1085 Plilidii
541 1033 660 1099 generis.

343 1120 434 1175 Oasin
468 1122 601 1185 uncialis,
636 1121 792 1189 divergenti
811 1153 823 1162 -
844 1137 984 1185 ramosus;
1017 1120 1088 1174 rami
1115 1120 1288 1190 inaequales.
1335 1121 1414 1174 Folia

271 1208 454 1274 intumentia,
479 1211 644 1272 imbricata,
669 1211 882 1266 adscendentis.
926 1211 1021 1264 bobus
1044 1208 1163 1263 dorsalis
1187 1210 1326 1277 oblongus
1354 1211 1412 1263 basi

269 1299 353 1366 paulo
373 1300 518 1367 angustior
536 1310 566 1354 et
584 1301 631 1354 ubi
652 1317 669 1354 a
689 1301 769 1354 eaule
789 1301 917 1367 adsurgit
935 1299 1061 1365 margine
1081 1314 1230 1358 recurvus,
1251 1297 1410 1365 subrepan-

270 1386 333 1452 dus,
353 1388 494 1460 utrinque,
513 1389 676 1458 praesertim
696 1389 724 1442 in
744 1389 870 1457 margine
888 1389 988 1451 iniero,
1007 1388 1079 1440 eiliis
1096 1393 1138 1442 b·
1153 1393 1171 1442 6
1185 1386 1274 1454 longis
1293 1388 1412 1441 selaeeis

270 1481 352 1529 etl·
371 1481 389 1532 4
409 1477 530 1543 cellulis,
558 1494 679 1548 quarum
702 1479 797 1532 infima
819 1478 926 1547 duplex
946 1486 1003 1540 est,
1028 1475 1223 1535 constantibus
1250 1477 1412 1545 praeditus;

269 1565 380 1620 lobulus
407 1568 540 1621 ventralis
569 1567 604 1620 ad
633 1571 650 1634 ᾖ
678 1567 845 1636 bipartitus,
888 1567 998 1620 laeiniis
1030 1565 1157 1634 angustis
1186 1567 1269 1634 leuge
1300 1567 1411 1620 eiliatis.

269 1655 471 1727 Arnpbipuetrr'n
497 1657 661 1722 imbricata,
701 1655 774 1710 eiliis
799 1655 972 1723 longioribus
998 1655 1144 1724 praedita,
1173 1655 1283 1708 laeiniis
1310 1654 1411 1717 tineis.

270 1745 562 1800 lineari-lanceolntis.
600 1743 679 1798 Retis
697 1745 825 1800 maculas
845 1745 1142 1812 lineari-nerngonae,
1162 1745 1319 1812 elongatae,
1341 1745 1410 1798 sub-

273 1834 474 1903 aeqnssongnn,
502 1833 638 1886 limitibus
656 1833 789 1888 tenuibus
808 1835 973 1897 distinctae,
992 1834 1229 1888 transvarrnlibus
1246 1835 1334 1903 paule
1352 1833 1409 1888 lur-

270 1921 404 1986 tiorlbus,
431 1929 619 1993 quapropter,
646 1938 710 1976 enm
737 1922 838 1978 limites
866 1925 1068 1977 transversales
1093 1922 1192 1976 endem
1219 1922 1292 1976 linea
1315 1931 1408 1976 trans·

271 2011 372 2064 versali
392 2011 533 2082 pauloque
554 2014 682 2067 llexunsa
702 2011 868 2076 decurrunt,
893 2012 959 2067 lolia
984 2019 1013 2066 et
1035 2009 1236 2080 amplrigastria
1255 2012 1412 2066 eaneellata

269 2099 407 2171 lineisque
425 2103 661 2156 transversnlibus
680 2101 815 2156 distincta
835 2108 981 2171 apparent
1018 2101 1136 2154 Fncotrn
1153 2099 1242 2155 deest.

490 2215 516 2262 4.
555 2210 770 2265 Pttllrltsom
788 2210 1027 2265 tnetnlerrrrrs
1047 2207 1083 2261 N.
1104 2209 1140 2261 ab
1160 2207 1192 2262 E.

341 2296 388 2350 Pt.
404 2296 483 2368 foliis
512 2297 669 2370 conspiceretis
698 2297 786 2368 infidis
799 2297 1102 2368 fimbriato-lnee'na'orie,
1130 2297 1325 2369 nmphipnrtriir
1340 2296 1410 2369 folin

266 2385 612 2525 ”Wlmlungrrmannir
639 2464 759 2512 laciniosa
785 2457 915 2513 Mr'elrnux
938 2458 983 2512 Fi,
1014 2457 1170 2512 Bon-Aen.
1185 2476 1214 2529 p.
1232 2461 1296 2510 278.
1340 2456 1408 2510 Web.

477 2533 576 2586 Prode.
593 2551 620 2604 p.
643 2536 701 2587 l28.
719 2551 746 2585 n.
763 2537 800 2586 ³3
845 2530 994 2600 Selenen.
1010 2531 1109 2584 Prode.
1125 2548 1153 2600 p.
1171 2533 1215 2584 bl.
1253 2528 1409 2582 &buniada

476 2605 545 2676 Hep.
565 2604 657 2658 Arnen
674 2613 793 2676 septeno.
807 2622 837 2675 p.
861 2608 902 2657 13.
920 2623 947 2656 n.
969 2606 1010 2656 17.

339 2693 458 2747 Habitat
477 2694 505 2746 iu
525 2694 651 2749 Canuda.
690 2693 852 2762 specimina
875 2709 929 2746 nou
950 2692 1081 2747 vidimus.
1144 2721 1145 2724 ¹

752 2821 922 2832 -—-....--.

638 2903 920 2987 Subtribus
950 2903 1038 3008 Π)

511 3054 907 3152 Platyplryllne
947 3052 1002 3126 N.
1028 3053 1077 3126 ab
1104 3053 1156 3126 Ε.

265 3169 421 3233 Jnlrnlene
444 3169 488 3234 N.
514 3171 554 3234 ab
580 3171 621 3234 E.
650 3171 732 3256 Hep.
757 3170 840 3234 Eur.
866 3168 936 3234 ΙΙΙ.
955 3192 992 3254 p.
1016 3169 1090 3234 136.
1131 3168 1193 3233 lv.
1212 3190 1250 3253 p.
1275 3169 1404 3235 XXV.

266 3271 445 3336 Endliolier
475 3274 557 3339 Gen.
584 3296 622 3359 p.
648 3273 744 3338 1340.
807 3274 958 3338 Rudnlne
985 3273 1070 3337 Soet.
1096 3273 1124 3336 l.
1149 3273 1356 3362 Radulotypi
1376 3287 1406 3338 et

264 3377 479 3443 liodorlecae
501 3401 600 3465 space.
626 3377 781 3442 Dnmort.
825 3378 1102 3464 Jnnqernrnnniae
1123 3397 1224 3461 sprec.
1245 3377 1360 3442 Anett.

351 3481 494 3568 capsula
522 3486 672 3548 noriaeea
702 3482 741 3546 ad
775 3483 864 3546 basin
896 3501 999 3564 nsque
1028 3479 1141 3563 quadri
1165 3516 1177 3529 ·
1200 3483 1270 3560 (vel
1293 3481 1406 3566 pluri-l

266 3585 378 3649 valvis.
423 3587 572 3652 Elaleres
604 3589 728 3672 bispiri.
776 3584 998 3648 Fructificatio
1022 3583 1216 3656 terminalis,
1246 3584 1295 3646 vel
1325 3585 1405 3647 late·

265 3687 338 3750 ralis
375 3690 488 3772 vellin
519 3692 715 3755 dichotomia
749 3690 887 3765 sessilis,
924 3688 974 3752 vel
1009 3687 1245 3772 bypngenaiu
1282 3687 1404 3753 ramulo

265 3791 398 3854 ventrali
430 3796 530 3858 bravi.
590 3773 781 3858 Periantiria
814 3791 1040 3878 campanulata
1078 3791 1127 3854 vel
1165 3791 1403 3876 campanulatn-
1497 3847 1500 3854 .
1536 3803 1537 3814 ¹

263 3893 456 3977 cylindrus,
492 3897 637 3979 longiora
662 3899 711 3962 vel
735 3898 864 3974 latiora,
893 3895 965 3981 plns
988 3896 1092 3958 minus
1116 3916 1318 3981 compressa,
1347 3915 1404 3957 ore

265 3997 419 4062 bilabiatn
457 4011 580 4085 aperto.
640 4001 771 4066 Pistilla
791 4001 814 4066 6
835 4037 847 4050 ·
870 3999 924 4065 32.
981 3997 1227 4062 Iullnreseeutia
1261 3997 1405 4062 massula

263 4101 429 4185 elongata,
453 4104 666 4187 spinilnrmis‚
690 4105 848 4189 aequalis.
894 4101 988 4166 Folia
1010 4110 1123 4178 ovata,
1153 4103 1286 4177 innuba,
1319 4104 1401 4166 inte·

262 4206 403 4288 gerrima
425 4205 592 4284 niliatave,
624 4210 691 4272 basi
722 4209 857 4272 ventrali
887 4209 920 4271 in
951 4207 1057 4270 lnbum
1081 4205 1307 4292 complicatum
1330 4203 1402 4289 plus

262 4309 366 4372 minus
399 4307 482 4373 nauli
513 4319 676 4376 aeerelnm
706 4313 871 4378 abeuntia.
924 4311 1170 4396 Amphigastria
1205 4308 1255 4373 vel
1285 4308 1403 4372 adsunt

262 4412 311 4476 vel
336 4413 462 4476 desunt.
510 4413 648 4479 Plantae
672 4416 856 4480 cortinulae.

272 4521 473 4532 .--—-—-—..

284 4523 289 4528 ¹
315 4557 341 4620 '‘)
379 4559 544 4626 seripserunt
564 4558 729 4625 Lindenberg
749 4572 773 4609 et
792 4560 925 4612 Gerlache.
