3100 5072
789 412 870 461 v111

356 587 481 685 Igitur
507 586 653 660 socium
678 584 912 661 desideranti
938 588 1077 685 operis,
1112 587 1262 687 quiex
1289 586 1400 662 libris

256 727 370 802 editis
395 728 599 826 diagnoses
630 739 670 802 et
702 752 918 827 synonyma
951 727 1165 827 specierum
1197 729 1400 828 bucusque

256 861 567 941 eriumeratarurn
586 867 804 942 extraheret
820 880 940 968 atque
963 894 1011 942 ex
1031 869 1179 943 schedis
1206 868 1299 943 meis
1324 895 1398 958 eas,

257 1035 354 1110 quas
387 1009 469 1108 ipse
502 1007 691 1081 diuturno
728 1007 864 1083 borum
904 1007 1180 1108 vegetabilium
1222 1033 1293 1082 usn
1330 1022 1400 1084 aut

256 1149 407 1246 primus
424 1145 699 1245 descripseram
724 1157 794 1220 aut
821 1148 929 1223 novis
954 1145 1288 1222 observationibus
1313 1150 1400 1224 illn-

256 1301 482 1373 straveram,
522 1285 561 1359 in
601 1284 776 1361 ordinem
818 1286 1007 1386 redigeret
1045 1298 1165 1387 atque
1198 1289 1399 1362 commode

255 1425 506 1514 exscriberet,
545 1453 625 1503 sors
664 1427 757 1500 mibi
792 1427 942 1539 obtulit
977 1429 1260 1515 Paraetoniam,
1296 1453 1399 1502 nunc

254 1565 601 1665 Pharmacopolam
627 1566 1055 1656 Treuenbrietzensem,
1091 1579 1187 1642 tunc
1212 1570 1399 1668 temporis

255 1721 384 1782 autem
412 1707 659 1781 Vratislaviae
684 1720 1004 1797 commorantem,
1039 1709 1109 1809 qui
1142 1710 1259 1783 buius
1284 1711 1397 1809 plan-

255 1865 384 1924 tarum
412 1847 582 1923 familiae
607 1847 739 1922 studio
764 1847 906 1924 ductus
931 1875 1087 1949 operam
1115 1875 1224 1924 suam
1240 1863 1297 1924 est
1316 1854 1399 1951 pol-

254 1995 387 2070 licitus
417 2002 456 2065 et
491 1989 698 2065 maximnm
731 2002 881 2090 partem
917 2015 1067 2077 eorum,
1104 2015 1204 2090 quae
1231 1989 1278 2064 ad
1312 2016 1399 2089 pro-

255 2134 426 2235 positum
456 2157 582 2210 meum
611 2131 820 2206 necessaria
853 2130 1103 2218 videbantur,
1137 2131 1240 2205 horis
1271 2132 1398 2206 subse-

255 2275 349 2349 civis
382 2299 454 2373 pro
488 2271 636 2345 viribus
672 2271 931 2370 praeparavit.
985 2269 1035 2344 Et
1070 2273 1100 2346 si
1137 2273 1236 2372 quid
1267 2288 1323 2349 est
1355 2274 1395 2348 in

254 2417 329 2489 isto
355 2413 568 2513 principio,
595 2413 702 2513 quod
729 2411 820 2484 libri
846 2411 960 2484 buius
986 2413 1253 2488 conscribendi
1286 2414 1399 2491 ratio-

255 2580 342 2629 nem
380 2580 403 2628 a
439 2580 500 2628 me
539 2554 673 2629 initam
714 2553 981 2626 commendare
1025 2553 1146 2654 possit
1179 2554 1398 2655 ¹lectoribus

254 2695 448 2798 laudeque
474 2695 637 2794 dignum
665 2693 806 2779 videri,
850 2719 937 2768 sane
962 2693 1078 2767 huius
1104 2694 1231 2768 laudis
1256 2697 1400 2792 praeci-

256 2863 335 2939 pua
373 2862 463 2935 pars
498 2835 717 2912 Pouclterto
759 2834 942 2920 debetur;
986 2859 1057 2934 ego
1089 2831 1229 2905 etenim
1262 2834 1398 2906 multis

256 2977 575 3080 gravioribusque
621 2973 754 3049 eodem
798 2985 973 3072 tempore
1023 2973 1186 3088 obrutus
1232 2973 1397 3069 negotiis

255 3145 354 3220 opus
380 3119 472 3206 boc,
501 3116 662 3220 etiamsi,
701 3113 757 3187 uti
787 3125 871 3186 turn
898 3114 1051 3187 animus
1076 3125 1170 3220 erat,
1197 3123 1397 3211 promtum

254 3270 353 3353 esset
375 3258 515 3331 effectu
531 3220 612 3329 ‘aut
641 3266 742 3328 certe
765 3280 840 3328 non
859 3254 1039 3340 arduum,
1066 3253 1129 3326 vix
1150 3277 1399 3352 aggressurus

255 3400 423 3486 fuissem.

353 3561 460 3653 Quae
494 3556 610 3650 modo
642 3496 690 3634 de
721 3558 849 3657 operis
881 3558 997 3634 buius
1035 3555 1172 3658 primis
1201 3555 1312 3632 lineis
1348 3551 1396 3640 ad

256 3700 464 3776 humiliora
501 3701 721 3798 effectuque
767 3699 939 3774 faciliora
983 3696 1251 3796 spectantibus
1301 3693 1398 3781 dixi,

255 3842 332 3916 iarn
359 3839 590 3938 exponenda
616 3849 717 3915 sunt.
763 3901 767 3908 .

355 4003 398 4075 ln
425 4002 539 4075 rebus
565 4002 744 4077 humanis
769 4025 813 4076 ea
840 3995 1131 4084 tantummodo,
1165 4020 1266 4094 quae
1296 3995 1399 4068 iusto

255 4143 469 4242 debitoque
495 4142 568 4219 sibi
597 4153 771 4240 tempore
799 4142 910 4226 liunt,
936 4140 987 4214 ad
1014 4163 1140 4212 veram
1169 4135 1287 4210 vitam
1316 4159 1400 4232 per-

257 4283 384 4357 venire
416 4295 455 4356 et
495 4309 604 4358 usum
633 4292 872 4379 praesentem
907 4293 1144 4378 gratumque
1176 4273 1398 4366 bominibus
