3100 5072
666 410 748 459 xlll

142 591 330 668 Huskarl.
395 585 603 684 Hepaticas
642 584 681 658 in
723 581 884 657 diversis
922 578 1052 654 indiae
1083 579 1280 656 orientalis

138 729 371 806 continentis
410 725 653 825 regionibus,
698 721 921 821 praesertim
972 720 1011 794 in
1055 721 1281 822 Himalayac

135 872 229 969 iugo
275 880 503 952 crescentes,
562 861 725 940 Wollr'clr
767 872 807 936 et
853 859 993 963 Wiglu
1030 863 1280 950 obtulerunt;

135 1012 199 1096 iis,
252 1033 356 1109 quac
397 1003 546 1104 pridem
597 1004 647 1078 ab
690 1001 786 1101 aliis¹
829 1029 876 1076 ex
926 1003 1033 1078 Nova
1073 1003 1281 1078 Hollandia

137 1162 357 1251 reportatae
402 1157 514 1228 sunt,
567 1143 764 1220 Preissr'us
810 1153 938 1218 noster
979 1145 1199 1243 complures
1243 1142 1282 1214 in

136 1293 255 1390 plaga
283 1287 398 1364 buius
424 1299 547 1360 terrac
565 1281 796 1358 occidentali
816 1285 936 1358 lectas
953 1282 1108 1380 adjecit,
1129 1287 1194 1360 rel.
1214 1286 1280 1360 rel.

138 1433 315 1514 Quorum
342 1427 517 1516 omnium
550 1423 707 1500 nomina
742 1424 782 1500 in
814 1423 929 1500 fidem
966 1425 1140 1502 locorum
1178 1441 1283 1500 nata·

141 1572 237 1646 lium
269 1570 474 1670 speciebus
500 1565 727 1667 siugulatim
759 1565 983 1641 additurum
1017 1579 1128 1665 grato
1154 1567 1283 1642 animo
1321 1591 1326 1602 ·

141 1710 421 1786 laudabuntur.

241 1850 356 1932 Quod
374 1849 424 1948 ud
447 1849 633 1949 rationem
652 1845 844 1924 scribendi
865 1847 1018 1936 attinet,
1036 1849 1128 1924 baec
1149 1850 1283 1938 babeo,

139 2016 241 2089 quae
267 1990 487 2090 attingam„

244 2151 395 2230 Genera
436 2176 513 2226 non
553 2151 688 2250 paucis
727 2151 852 2228 verbis
890 2151 1100 2228 indicanda
1139 2154 1204 2228 scd
1243 2153 1283 2228 in

142 2291 365 2368 universum
400 2283 590 2394 'pluribus
634 2293 866 2392 exponenda
907 2321 985 2370 esse
1025 2297 1282 2371 censebamus.

141 2435 319 2515 Quorum
346 2435 567 2534 complura,
608 2435 822 2510 multarum
855 2436 1069 2534 specierum
1109 2436 1285 2510 examine

140 2577 244 2650 bunc
277 2576 318 2650 in
356 2577 471 2650 finem
496 2602 520 2649 a
544 2576 753 2651 Gottscbeo
778 2575 977 2662 instituto,
1013 2567 1174 2674 propter
1200 2577 1285 2650 cba-

143 2729 334 2792 racterum
348 2717 391 2790 in
408 2742 528 2792 unum
544 2714 852 2814 colligendorum
867 2714 1092 2790 varietatem
1105 2716 1285 2814 paullum

143 2857 301 2957 quidem
318 2856 532 2942 extenuari,
551 2853 617 2930 sed
636 2856 752 2930 etiam
779 2869 938 2930 naturae
960 2856 1171 2930 creationes
1200 2885 1286 2932 suas

147 3022 274 3072 omnes
294 2995 567 3072 communibus
585 2995 738 3094 legibus
762 2996 1018 3096 obstringenti
1047 2999 1171 3098 magis
1196 3026 1285 3076 con-

144 3139 336 3215 venientia
363 3136 514 3212 restitui
539 3135 734 3211 videntur.

244 3298 467 3398 Specierum
488 3298 640 3398 pridem
667 3299 717 3372 ab
742 3299 828 3374 aliis
855 3301 914 3374 vel
934 3328 957 3376 a
978 3302 1171 3378 nobismet
1196 3303 1288 3401 ipsis

143 3439 184 3515 in
213 3441 326 3515 libris
351 3440 549 3539 impressis
574 3452 888 3515 enumeratorum
920 3445 1020 3519 solos
1054 3444 1289 3518 characteres

143 3581 345 3681 specificos
382 3605 471 3655 cum
504 3580 728 3682 synonymis
755 3584 993 3684 praecipuis,
1035 3556 1170 3658 addita
1200 3585 1289 3661 binc

145 3721 234 3795 inde
264 3723 369 3797 brevi
396 3723 674 3809 observatione,
701 3726 977 3812 recensuimus;
1014 3751 1130 3800 novas
1155 3742 1292 3803 eontra

147 3865 207 3938 vel
234 3864 418 3952 incertas,
454 3863 523 3938 ubi
552 3863 634 3937 fieri
663 3865 807 3963 potuit,
834 3865 1094 3965 descriptione
1119 3870 1289 3968 comple·

146 4005 245 4079 tiore
270 4016 309 4078 et
337 4007 566 4080 confirmare
596 4016 635 4078 et
662 4004 799 4080 melius
829 4031 1021 4106 exponere
1046 4032 1204 4108 operam
1230 4008 1293 4084 de-

146 4145 287 4221 dimus.
345 4143 559 4224 Leluuonni
581 4149 740 4250 Pugilli
761 4153 983 4248 plantarum
1010 4147 1166 4222 l-Vll
1188 4173 1290 4224 cum

148 4287 327 4366 incendio
345 4288 628 4388 Hamburgensi
654 4289 854 4368 notissimo
883 4291 1074 4368 consumti
1095 4291 1184 4380 sint,
1211 4316 1293 4387 spe·
