3110 5084
744 385 936 442 Trieboeolaa.

687 557 926 643 Subtribus
956 562 998 642 6.

538 710 899 792 Ptilidi'eae
936 705 992 780 N.
1019 705 1068 780 ab
1096 705 1151 780 E.

354 845 643 932 Mastigopboreae
666 845 711 910 N.
727 845 768 908 ab
784 844 826 910 Ε.
843 844 931 929 Hep.
952 841 1037 906 Eur.
1062 839 1134 906 III.
1152 862 1192 925 p.
1216 840 1260 906 87
1281 852 1314 906 st
1335 841 1413 906 573.

267 951 332 1020 IV.
358 978 396 1040 p.
420 947 570 1016 XXIV.
618 948 798 1033 Endliclrer
825 947 907 1013 Gen.
926 969 963 1033 p.
987 945 1086 1011 1342.
1136 944 1417 1030 Jungermanniae

266 1057 480 1125 Cladorhizae
512 1055 557 1120 Ν.
587 1054 627 1118 ab
657 1055 699 1133 Ε.
733 1053 820 1139 Hap.
849 1051 927 1117 Jao.
956 1075 995 1117 ex
1019 1063 1121 1140 porte
1148 1062 1178 1116 et
1207 1049 1345 1116 Ptilidia
1368 1051 1416 1116 N.

264 1167 306 1230 alr
330 1166 372 1228 Ε.
397 1163 483 1247 Hep.
509 1159 594 1222 Eur.
622 1157 690 1222 III.
716 1181 755 1244 p.
784 1155 931 1222 99.1V.
957 1155 1149 1243 p.·XXV.
1180 1179 1213 1220 n.
1237 1155 1269 1222 6.
1323 1157 1416 1220 End-

265 1268 367 1332 liohar
393 1266 475 1330 Gen.
493 1287 531 1350 p.
556 1263 654 1328 1341.

353 1388 496 1474 Capsale
519 1387 686 1462 cariacae,
711 1385 751 1448 ad
776 1385 867 1449 basia
892 1405 996 1468 usque
1019 1379 1255 1466 quadriremis,
1280 1382 1416 1447 valvulis

265 1494 404 1558 subinde
434 1492 558 1556 incisis.
612 1491 760 1554 Elateres
791 1490 916 1574 bispiri.
969 1485 1110 1550 Fructus
1141 1493 1198 1548 aut
1225 1488 1415 1565 terminalis,

266 1607 323 1662 aut
344 1595 467 1662 ramulo
491 1597 584 1660 brevi
607 1593 733 1659 laterali
758 1595 948 1680 impositus,
981 1591 1148 1654 involucro
1178 1609 1286 1652 crasso
1315 1588 1416 1652 denso

267 1699 455 1788 polypbyllo
479 1720 497 1762 e
520 1698 606 1762 foliis
630 1699 808 1762 imbricatis
824 1695 985 1783 profunde
1000 1695 1128 1780 partitis
1142 1693 1417 1778 interioribusque

269 1807 339 1870 basi
364 1823 474 1866 secum
498 1810 625 1865 etcum
650 1800 825 1887 perianthii
848 1802 917 1863 basi
948 1799 1045 1861 unitis
1075 1797 1126 1860 vel
1157 1819 1229 1861 curn
1261 1797 1354 1862 thoro
1381 1799 1416 1862 in

271 1909 423 1994 vaginam
447 1906 706 1970 coalescentibus
730 1907 866 1969 cinctus.
905 1901 1129 1966 Perianthium
1154 1901 1204 1965 vel
1228 1923 1300 1966 oum
1324 1903 1415 1967 invo-

266 2013 359 2076 lucro
384 2011 550 2074 confluens
574 2009 663 2074 etad
683 2007 971 2095 speciemomnino
994 2005 1161 2082 deficiens,
1186 2003 1237 2068 vel
1261 2007 1417 2072 brevest

268 2115 438 2180 involucro
462 2113 641 2187 inclusum,
666 2113 717 2176 vel
741 2121 923 2186 exsertum,
948 2120 1052 2185 teres,
1076 2108 1243 2172 involucro
1266 2117 1333 2175 tum
1356 2109 1415 2174 oli·

267 2219 431 2308 goplryllo.
491 2216 586 2282 Folia
619 2220 758 2292 incubo,
798 2219 919 2294 divisa,
957 2216 1094 2279 subinde
1131 2215 1241 2279 lobulo
1278 2213 1416 2277 ventrali

265 2321 433 2410 praedita,
467 2321 619 2386 decurva.
675 2321 885 2386 Remifieatio
914 2343 1012 2406 vaga,
1052 2320 1103 2385 vel
1132 2323 1282 2406 pinnata,
1316 2321 1414 2384 ramis

268 2427 406 2490 subinde
442 2427 617 2490 attenuatis
649 2426 871 2491 radicantibus
900 2427 951 2491 vel
984 2425 1163 2490 stolonibus
1198 2445 1307 2489 eorum
1340 2423 1413 2488 loeo

267 2531 510 2607 accedentibus,
536 2529 587 2594 vel
611 2531 758 2593 omnibus
782 2531 1000 2594 conformibus
1025 2531 1225 2613 obtusisque.

355 2651 544 2740 Hepaticae
567 2660 756 2729 terrestres,
779 2651 954 2716 nonnullae
978 2652 1075 2715 etiam
1099 2649 1289 2726 corticolae,
1317 2669 1413 2734 gran-

264 2757 447 2833 diusculae,
471 2757 650 2842 speciosae,
674 2757 852 2842 pleraeque
875 2757 963 2832 zonis
988 2755 1102 2820 calidis
1126 2755 1321 2840 adscriptae.

396 2981 398 2987 ·
496 2946 626 3012 XXV.
674 2946 1000 3018 Trichottolea
1030 2948 1181 3014 Dumort.

264 3067 363 3122 Conana
384 3067 434 3121 bot.
454 3086 485 3140 p.
505 3072 564 3122 lta.
585 3068 654 3140 Syll.
671 3069 810 3138 Junperm.
828 3086 856 3140 p.
874 3073 920 3122 66.
939 3089 965 3122 n.
985 3073 1011 3124 8.
1031 3079 1050 3123 t.
1074 3075 1095 3122 l.
1106 3070 1137 3140 f.
1156 3073 1181 3125 Β.
1220 3071 1257 3124 Ν.
1276 3069 1310 3125 ed
1329 3071 1365 3124 Ε.
1383 3072 1414 3125 in

262 3157 353 3210 Lindi.
374 3156 476 3208 Introd.
499 3158 538 3210 ed.
562 3161 588 3212 2.
612 3175 643 3229 p.
663 3162 736 3212 414.Ι
775 3158 1013 3229 Hep.Ear,111.
1036 3178 1066 3231 p.
1090 3163 1149 3214 tua.
1181 3161 1232 3216 lv.
1251 3181 1280 3234 p.
1299 3162 1413 3217 LVIII.

262 3265 289 3300 n.
311 3252 354 3302 19.
391 3244 532 3298 Elsdlirder
559 3245 623 3300 Gen.
643 3265 675 3319 p.
697 3251 775 3302 1341.
799 3267 827 3301 n.
852 3247 968 3318 472sra.
1014 3248 1134 3304 Gotteclre
1157 3251 1186 3304 in
1212 3249 1249 3302 N.
1274 3248 1336 3303 Aet.
1359 3251 1413 3305 Ae.

263 3335 332 3392 Ner.
350 3334 417 3389 Cur.
435 3333 525 3388 XXI.
543 3341 570 3390 2.
584 3354 615 3408 p.
634 3341 697 3392 335.
734 3335 976 3405 langermanniae
994 3354 1089 3407 apecc.
1108 3349 1188 3392 mort.

338 3444 520 3500 lavolncrum
546 3443 695 3498 terminale
720 3445 749 3498 in
773 3445 959 3512 dichotomia,
987 3462 1003 3500 e
1029 3451 1091 3502 toro
1114 3463 1178 3500 cnm
1204 3446 1278 3500 soliis
1296 3449 1412 3503 invola·

264 3535 390 3590 cralibus
409 3533 589 3589 coalescente
608 3533 808 3604 calyptraaqae
834 3533 862 3588 ei
885 3534 1035 3589 immersae
1060 3535 1167 3590 adnato
1190 3542 1295 3602 ortum,
1321 3538 1412 3592 tubu-

261 3623 362 3689 lorum,
382 3629 467 3689 teres,
487 3623 663 3688 coriaeenm,
682 3623 837 3685 hirsutum,
856 3623 938 3692 spica
956 3623 1061 3693 pintilla
1080 3625 1210 3680 abortiva
1227 3625 1337 3692 terens,
1362 3643 1413 3681 ore

260 3711 452 3781 irregulariter
479 3713 573 3766 lacero
601 3712 709 3781 patulo.
735 3711 932 3766 Periantlrium
958 3713 1075 3767 nullum.
1120 3714 1245 3782 capsula
1268 3715 1304 3768 ad
1328 3715 1412 3770 basin

260 3817 351 3872 nsque
376 3799 581 3872 quadrivalvis,
611 3801 720 3869 rIgida3
748 3802 867 3855 elateres
892 3801 1001 3871 bispiri.
1049 3803 1192 3857 Autberae
1221 3803 1354 3858 exiliores
1382 3804 1412 3858 in

260 3889 349 3943 latere
373 3889 462 3944 caulis
482 3889 602 3956 dorsali‚
628 3891 778 3959 globosae,
804 3891 946 3946 illamento
970 3890 1064 3958 brevi,
1089 3892 1163 3947 soliis
1187 3892 1413 3960 pertgonialibns

260 3977 462 4034 conformibus.
501 3977 581 4033 Folia
600 3978 721 4043 innuba,
740 3979 930 4048 palmatlfida,
949 3979 1060 4035 laciniis
1079 3981 1230 4037 lacisiatis.

322 4078 455 4168 'Plantae
473 4083 637 4154 terricolae,
667 4085 853 4156 uliginosae,
866 4087 1005 4157 pallidae,
1031 4088 1171 4158 pinnatim
1191 4091 1364 4160 compositae
1382 4095 1414 4146 et

260 4171 479 4240 decompositae.

332 4277 449 4346 Species
467 4285 501 4348 ³,
527 4297 584 4338 ana
604 4282 632 4338 in
653 4283 786 4352 Europa,
813 4283 914 4341 Indiae
937 4285 1082 4344 orientalis
1101 4295 1130 4341 et
1148 4287 1333 4343 occidentalis
1350 4295 1415 4343 tarn

263 4366 426 4425 continente
445 4385 530 4439 qnam
548 4370 649 4426 insulis
668 4378 696 4427 et
715 4373 745 4426 in
764 4372 895 4428 America
915 4373 1021 4431 boreali
1041 4392 1181 4444 crescens,
1200 4378 1290 4433 altera
1309 4395 1326 4432 e
1344 4378 1412 4434 siau

261 4453 436 4527 DaskyBay
451 4458 732 4516 Novaneelandiae
751 4463 888 4531 advectu
908 4465 1029 4536 tertiam,
1049 4467 1206 4523 secandam
1226 4465 1278 4522 cel.
1293 4465 1415 4536 Taylori

259 4547 429 4605 sententiam
447 4548 502 4606 buc
520 4551 706 4620 referendam,
726 4569 764 4608 ex
785 4555 892 4612 insulis
911 4557 1061 4613 Aackland
1082 4557 1177 4612 attulit
1194 4556 1230 4612 cl.
1250 4555 1376 4613 Hookar.
