3060 5094
602 430 783 498 Fimbriaria.
1211 451 1262 501 bul

118 607 153 664 ad
175 610 283 666 frondis
303 609 473 677 carnuteni·
492 609 573 664 basin
592 611 717 679 positus,
742 609 817 664 unde
842 607 938 676 planta
966 610 1080 679 (saltem
1099 609 1265 684 aliquando)

117 698 219 754 dioioa.
259 699 318 754 Ora
333 699 497 753 ‚loculorum
526 699 759 754 antheriierorum
778 696 915 766 pluriora,
935 698 1119 766 nigricantis,
1139 709 1264 770 pertusa,

117 802 204 856 supra
221 793 358 841 tumorem
374 788 519 842 tolluntur.
556 787 761 860 Receptaoulum
770 787 918 858 saciacum
934 801 1022 855 supra
1041 803 1209 843 verrucosa·
1222 793 1266 845 vel

117 877 418 946 papilloso·aspcrnm‚
437 876 598 944 margines
617 877 786 946 papillarum
807 875 996 943 prominentia
1014 885 1148 944 crenato;
1172 879 1265 933 t'ruetu

116 979 184 1022 vero
202 974 328 1022 tumente
347 965 556 1034 receptaculum
582 965 610 1018 in
630 967 710 1020 lobos
728 965 808 1034 quasi
828 963 968 1029 divisum,
994 964 1110 1018 minime
1134 981 1201 1019 vero
1219 967 1263 1019 in-

117 1054 205 1108 cisum
225 1063 276 1109 est.
313 1054 411 1108 Loculi
429 1059 447 1110 3
468 1084 484 1094 -
503 1059 530 1118 4,
551 1053 642 1107 rarius
660 1059 688 1118 o,
706 1053 821 1122 saepius
841 1055 855 1108 l
877 1083 890 1095 ·
911 1057 938 1116 2,
958 1053 1085 1121 margine
1102 1054 1132 1108 in
1149 1055 1265 1110 lacinias

116 1143 233 1197 obtusas
251 1159 362 1198 crassas
382 1142 483 1198 diviso.
516 1143 705 1196 Periatrtliaen
717 1143 857 1196 devexum
869 1141 912 1194 vel
925 1140 1107 1206 boriaontale,
1126 1143 1265 1196 interdum

116 1231 302 1296 adscendens,
321 1233 488 1296 flavescens,
507 1232 535 1284 in
551 1230 669 1286 lacinias
688 1237 811 1286 costatvm
830 1234 868 1284 8·
881 1233 923 1295 lu,
943 1230 1024 1298 apice
1037 1231 1265 1286 tubulosoetiam

34 1381 39 1394 ¹
117 1327 182 1387 post
205 1321 314 1376 fructus
346 1319 536 1374 maturitatem
566 1320 763 1386 cohaerentes,
795 1318 926 1373 solutum.
977 1315 1146 1372 Peduaculas
1174 1319 1263 1374 llavo·

117 1406 228 1472 viridis,
247 1408 467 1472 2-3-liuearis,
485 1409 566 1461 cuins
582 1405 642 1462 basi
659 1409 733 1462 duae
747 1416 797 1461 aut
808 1415 866 1461 tres
882 1406 982 1476 paleae
996 1408 1181 1474 lanceolatae,
1201 1408 1265 1462 hinc

118 1495 184 1548 inde
212 1513 337 1564 paucae,
367 1496 440 1565 apici
467 1512 534 1550 vero
558 1497 696 1566 plurimae
726 1495 831 1550 indusii
857 1511 992 1564 squamae
1018 1495 1184 1552 articulatae
1210 1498 1262 1550 ad-

116 1586 241 1640 baerent.
281 1585 412 1654 Propago
437 1584 559 1638 leminea
590 1602 627 1640 ex
653 1584 753 1641 ironde
780 1584 861 1639 senili
886 1600 975 1653 prope
1000 1583 1153 1654 peduncnli
1182 1582 1264 1640 basin

10 1685 11 1692 ’
116 1674 191 1740 exit,
216 1674 325 1738 biloba;
350 1689 476 1742 propago
505 1691 571 1729 vero
599 1673 757 1728 masculina
782 1680 826 1728 est
857 1673 964 1728 frondis
996 1673 1093 1728 senilis
1116 1675 1265 1742 productio

10 1769 11 1800 ὲ
117 1761 273 1831 angustior,
292 1764 433 1830 elongata,
452 1779 588 1817 concava.

189 1853 214 1906 A
238 1852 406 1906 Fimbricea'a
439 1856 592 1923 morpiaota
624 1860 735 1908 statura
766 1853 890 1919 minore,
926 1849 1105 1921 receptaculo
1137 1848 1266 1920 planiori,

9 1961 11 1980 ε
115 1939 254 1994 fructibus
273 1942 363 2010 magis
380 1940 499 1996 stellatis
512 1942 622 2011 longius
637 1944 745 1997 recedit
756 1943 903 2012 primoque
916 1941 1053 2010 adspectu
1064 1942 1263 2010 dignoscenda.

360 2068 386 2119 8.
424 2064 671 2120 fimbriasue
689 2064 889 2120 miralie
906 2063 1019 2130 Taylor.

188 2147 224 2202 1⁷.
242 2149 344 2220 frunda
373 2151 602 2208 lineari-obcunte
630 2153 776 2208 dichotomo
800 2151 918 2220 cleopatra
947 2152 1019 2221 opine
1043 2149 1126 2206 bibio
1148 2157 1264 2222 narciae

8 2311 11 2320 y
112 2253 249 2309 propterea
264 2241 379 2294 scoriam
396 2240 525 2296 eadelm
544 2243 723 2312 inteperrima,
741 2239 901 2314 receptaculo
909 2232 1030 2310 feninea
1047 2251 1184 2310 emvupoto
1207 2261 1263 2296 cer-

8 2327 10 2342 '
116 2327 167 2380 tiae
184 2326 329 2398 subplobw
348 2329 403 2384 bosi
420 2331 577 2404 qvmdrafida
591 2332 739 2404 pcduacalo
755 2334 854 2404 apicem
871 2347 961 2384 ceratas
978 2327 1165 2399 subsquaracao.

9 2423 10 2432 ²
259 2421 413 2470 Fimbria-in
438 2425 556 2486 australia
583 2421 684 2494 Ταμὼν
709 2422 780 2495 Hep.
806 2430 923 2476 unieret.
953 2419 983 2472 in
1007 2419 1093 2474 Lcnd.
1116 2419 1212 2474 Joum.
1236 2424 1270 2490 ‘ff

325 2506 377 2562 bct.
401 2513 478 2564 1844.
493 2527 525 2580 p.
543 2515 607 2566 673.
627 2530 655 2566 n.
675 2517 721 2568 49.
757 2511 845 2565 Hoolr.
866 2509 934 2580 Hep.
954 2517 1069 2564 coloret.
1084 2526 1113 2579 p.
1134 2514 1178 2564 79.

190 2595 312 2652 Habitat
329 2597 360 2650 in
379 2597 463 2652 Nova
482 2599 649 2667 Zeclandia,
667 2601 716 2656 obi
737 2601 805 2668 legit
822 2616 880 2653 rev.
901 2597 1031 2654 Colenso.

189 2684 308 2740 Frondes
325 2686 375 2740 vix
394 2687 567 2754 biunciales,
597 2690 641 2744 bis
663 2697 742 2744 terve
766 2685 1083 2751 dimotum-divisae,
1109 2687 1169 2741 basi
1196 2699 1261 2756 pet-

116 2779 268 2840 angustae,
286 2773 425 2830 iuveniles
442 2775 525 2830 sicuti
546 2783 574 2830 et
592 2778 802 2833 subdivisiones
820 2786 965 2832 extremae
984 2773 1262 2840 lineari-obovatae,

7 2855 9 2880 l
115 2861 238 2938 instato
257 2863 372 2917 humido
390 2865 505 2932 planae,
525 2865 619 2920 siccae
638 2874 733 2922 autem
752 2867 878 2934 margine
896 2865 1048 2931 incurvae,
1068 2864 1173 2932 pallide
1191 2865 1258 2917 viri-

7 2939 12 3022 s
115 2951 182 3017 des,
209 2953 238 3006 in
262 2953 366 3022 pagiua
390 2953 528 3022 superiori
553 2956 641 3012 dense
666 2973 785 3026 perosae
811 2955 888 3025 poris
913 2954 1038 3007 cuticula
1064 2953 1130 3006 alba
1153 2955 1262 3008 elevata

12 3041 15 3058 ²
115 3041 208 3095 tectis.
244 3045 375 3113 Squama
393 3043 522 3098 ventralee
540 3046 576 3099 ad
595 3047 671 3102 latus
685 3053 834 3115 utrumque
847 3051 944 3098 costae
960 3041 1069 3096 tuediae
1082 3042 1261 3116 uniseriatae,

113 3127 374 3197 semilanceolatae,
403 3131 538 3198 obtusae,
571 3150 689 3190 amoene
714 3151 874 3205 purpureae
899 3133 1028 3200 exceptis
1059 3131 1189 3200 apicibus
1212 3133 1261 3185 ubi

112 3222 182 3269 sunt
206 3217 346 3286 hyalino·
364 3219 456 3274 albae.
505 3221 678 3278 Pedaaealau
703 3223 874 3292 receptaculi
907 3221 1021 3275 feminei
1050 3220 1131 3276 basin
1164 3236 1261 3274 versus

112 3305 234 3359 crassior
253 3312 282 3360 et
301 3307 391 3374 magis
410 3324 527 3376 opacus,
547 3313 666 3366 obscura
686 3313 792 3378 fuscus,
812 3313 893 3380 apice
913 3309 1026 3363 tenuior
1043 3317 1072 3364 et
1090 3311 1262 3379 pellucidus;

7 3444 20 3470 Γ,
113 3391 185 3446 sulci
204 3401 261 3448 tres
279 3396 440 3464 pedunculo
454 3397 590 3468 insculpti
607 3407 683 3466 sunt,
702 3417 821 3470 quornm
836 3400 959 3454 anterior
971 3405 1015 3452 est
1033 3399 1124 3462 latior,
1142 3399 1258 3466 prolun-

7 3555 9 3564 ι
112 3479 175 3533 dior
193 3481 339 3552 magisque
358 3487 538 3566 cpnspieuus.
568 3489 774 3562 Receptaculam
782 3491 932 3561 femineam
951 3489 1259 3558 conica-hemisphae-

111 3567 210 3633 ricum,
229 3569 359 3626 deorsum
377 3574 512 3630 dividitur
527 3579 555 3632 in
575 3579 655 3633 lobos
672 3585 690 3634 ⁴
703 3580 831 3644 obtusos,
853 3579 901 3648 qui
915 3575 1017 3645 singoli
1030 3573 1132 3643 singuli
1146 3577 1261 3644 perian-

111 3655 161 3708 thii
183 3658 263 3712 basin
286 3661 438 3728 obtegunt;
467 3667 632 3734 superficies
652 3669 824 3738 receptaculi
851 3667 975 3736 undique
1000 3671 1043 3718 eat
1064 3680 1167 3732 rugosa
1184 3665 1261 3733 rugis

17 3795 23 3824 r
111 3747 409 3818 granulato-asperis.
446 3753 640 3810 Perionilrium
658 3757 806 3822 conicum,
826 3765 958 3822 acutum,
978 3753 1059 3822 apice
1079 3756 1258 3808 orucronuln-

111 3841 187 3898 tum,
206 3834 310 3898 album,
330 3839 437 3894 fissuris
456 3843 585 3910 pluribus
605 3843 770 3899 lateralibus
788 3845 931 3899 rimosum.
970 3839 1087 3912 (amalo
1104 3841 1261 3909 periantlrio

21 3955 23 3958 -
110 3922 200 3977 multo
225 3927 385 3992 angustior,
414 3931 549 3998 globosa,
576 3933 766 4001 polysperura.
804 3933 913 3987 Semina
932 3931 1260 3998 ungulato-rotundato,

110 4012 321 4078 grandiuscula.
359 4017 480 4074 Eloteres
502 4020 641 4076 diametro
665 4022 805 4076 seminum
832 4023 880 4076 vix
908 4020 994 4087 duplo
1018 4017 1165 4084 longiores.
1202 4019 1260 4073 Re·

7 4181 8 4184 *
109 4101 272 4172 captabulum
288 4105 462 4161 wasliciam
480 4109 592 4176 sessile,
611 4110 804 4176 discoideum,
823 4107 1184 4171 lenticulari-convexum,
1204 4107 1257 4162 ob-

7 4191 10 4212 *
109 4204 192 4242 scure
206 4205 389 4259 purpureum,
411 4212 554 4264 rugosum,
575 4199 666 4253 antris
678 4200 779 4267 amplis
798 4199 930 4252 antlreras
945 4193 1160 4250 recondentibus
1179 4195 1260 4264 apice

11 4353 17 4363 ,
109 4281 274 4348 prominentia
298 4298 443 4352 asperum
468 4288 673 4356 dissepimenta
698 4289 879 4342 antberarum
897 4285 980 4340 sedes
999 4283 1074 4338 intra
1092 4288 1257 4351 receptacu-

109 4369 166 4422 lum
186 4368 377 4426 discernentia
395 4381 499 4438 crecta,
519 4377 744 4440 membranacea,
760 4377 869 4434 albida.

21 4454 25 4465 '
181 4457 263 4512 Haec
282 4459 394 4527 specics
407 4463 479 4516 inter
495 4479 602 4529 omnes,
621 4482 694 4536 quas
709 4468 901 4534 eognovimus,
916 4463 1059 4522 frondium
1073 4459 1259 4528 amplitudine

7 4536 24 4630 ⁴,
107 4552 152 4599 eti
171 4545 323 4614 distincta,
349 4548 574 4609 fructificationis
600 4565 698 4609 contra
717 4559 812 4624 partes
832 4573 848 4611 e
866 4554 990 4613 minimis
1009 4557 1084 4606 suut.
1121 4545 1256 4603 Differta
