3060 5094
265 437 321 488 3⁷0
524 445 527 452 ’
748 426 925 483 Fimbriaria.

339 604 456 657 Fronder
474 601 504 655 iu
523 601 664 670 caespites
682 598 878 664 consociatae,
903 602 941 663 ἢ
959 596 1008 651 liu.
1027 596 1141 665 longae,
1164 601 1195 666 li
1215 599 1263 654 lin.
1287 600 1376 666 latae,
1396 619 1413 654 e

268 695 330 750 basi
350 698 470 760 angusta
490 689 588 744 lineari
606 688 714 758 apicem
728 703 827 742 versus
839 686 930 754 magis
948 703 1093 755 expansae
1106 687 1219 744 bilobae
1232 696 1282 744 aut
1293 690 1413 753 bifidae,

267 799 304 838 ex
323 785 403 852 apice
422 796 509 848 saepe
527 779 711 841 innovantes,
739 775 915 844 marginibus
933 777 1059 832 nonnihil
1078 778 1318 834 adscendentibus
1336 781 1410 834 sub-

266 870 409 925 undulatis
427 869 559 937 repandis
579 879 608 921 er
626 866 796 930 crenulctis,
816 873 932 932 tenues,
952 873 1030 920 costa
1050 867 1143 922 rnedia
1162 868 1318 922 incrassata
1336 885 1409 937 pur·

265 977 354 1030 pnrea
372 973 538 1029 percursae;
564 957 716 1011 adultiores
740 957 770 1010 iu
788 965 887 1010 ventre
905 971 1258 1026 purpureo-squamosas,
1280 958 1413 1028 squamis

266 1049 500 1112 semilunaribus;
531 1045 669 1100 iuveniles
697 1045 798 1099 subtus
824 1045 949 1114 squamis
976 1046 1078 1100 laceris
1105 1046 1227 1114 hyalinis
1252 1046 1412 1102 minoribus

265 1139 420 1206 praeditae,
440 1152 537 1192 omues
556 1135 642 1188 limbo
663 1134 741 1188 venis
758 1133 971 1202 diversantibus
991 1134 1040 1189 vix
1058 1136 1215 1204 perspicuis
1227 1135 1304 1204 picto
1323 1143 1410 1190 uota·

265 1227 345 1279 biles.
377 1226 461 1279 color
480 1223 587 1280 frondis
606 1225 799 1293 glauccscens.
837 1223 1011 1292 Superllcies
1028 1225 1338 1291 poroso-tubercnlata,
1357 1226 1411 1279 sed

265 1315 326 1385 pori
345 1315 470 1384 plerique
489 1313 602 1380 globulo
625 1311 708 1366 viridi
728 1312 827 1368 clausi.
863 1313 991 1368 cellulae
1014 1313 1196 1382 epidermidis
1220 1312 1310 1380 magis
1334 1313 1412 1367 altae

265 1419 350 1475 quarn
369 1405 457 1466 latae,
478 1401 643 1470 contiguae,
665 1401 878 1468 dodeca'ddrae3
902 1402 991 1456 sectio
1010 1403 1206 1458 transversariis
1226 1402 1412 1474 epidermidis

264 1495 294 1548 iu
314 1509 398 1562 poros
416 1491 549 1546 sinuatiur
569 1491 744 1546 adscendens
763 1492 1004 1561 descendensque.
1041 1492 1131 1548 Strati
1154 1491 1300 1548 cavernosi
1325 1493 1410 1546 cavi-

265 1587 338 1636 tates
356 1581 565 1649 trapeeoideae,
584 1580 746 1649 speciosae,
771 1580 799 1634 iu
824 1598 881 1635 una
900 1583 972 1635 serie
991 1579 1119 1650 positae;
1144 1581 1277 1646 cellulae,
1296 1583 1411 1637 mediae

265 1671 356 1726 frondi
375 1670 536 1736 nubiculae,
556 1676 694 1738 angustae
712 1677 778 1724 sunt
797 1678 826 1725 et
843 1671 1006 1739 elongatae,
1030 1671 1149 1726 laterum
1168 1671 1324 1726 crassiores
1343 1688 1408 1726 arrr-

264 1759 367 1828 pliores
386 1757 589 1813 dodecalidrae.
627 1758 830 1830 Receptaculum
848 1759 999 1813 femineum
1024 1775 1113 1829 usquc
1140 1760 1176 1814 ad
1201 1760 1325 1814 medinm
1350 1762 1411 1818 scre

264 1855 376 1904 3-raro
394 1847 555 1913 4-lobum,
583 1849 689 1902 vertice
715 1847 891 1917 prominente
917 1865 1014 1917 grosse
1032 1849 1219 1904 tuberculato.
1256 1850 1412 1906 Peduneulr'

263 1943 309 1992 2·
321 1945 339 1993 3
353 1940 402 1994 lin.
421 1937 507 2006 longi,
526 1934 585 1992 basi
605 1936 741 2006 purpurei
760 1937 921 1992 nuliiuscull
941 1953 1064 2007 superne
1083 1939 1187 1994 virides
1206 1941 1297 2008 glabri
1315 1940 1409 1996 striati

264 2029 436 2091 subtortiles,
454 2027 484 2081 in
504 2027 584 2094 epioe
602 2026 709 2080 frondis
728 2025 896 2094 subgemini,
914 2027 1060 2082 scilicetiu
1073 2027 1185 2097 singulo
1203 2029 1268 2083 lobo
1277 2027 1410 2097 singulus

264 2117 403 2172 adortum
417 2131 498 2169 snum
518 2131 604 2183 saepe
623 2120 733 2184 aparte
746 2117 853 2184 postica
873 2116 1047 2185 epideruride
1066 2117 1118 2170 boc
1137 2118 1199 2172 loco
1218 2118 1368 2173 desinente
1381 2130 1410 2175 et

264 2207 454 2262 adscendente
465 2205 604 2260 suffultus.
630 2203 907 2276 Receptcnrluurffd
923 2205 970 2258 lin.
980 2206 1077 2270 latum,
1092 2204 1196 2270 viride,
1214 2206 1271 2260 lobi
1284 2209 1408 2263 truncati

263 2293 377 2358 venosi,
406 2289 506 2348 subtus
531 2293 620 2363 paleis
638 2293 858 2348 involucrnlibua
876 2293 1096 2362 periaotbiorum
1116 2296 1290 2364 longitndine
1311 2297 1406 2354 brevi-

263 2384 422 2438 barbetum.
459 2383 619 2440 Perinntlric
637 2381 790 2437 involucris
808 2382 929 2452 propriis
948 2384 997 2438 vix
1016 2384 1104 2455 duplo
1128 2385 1268 2454 longiora,
1295 2384 1407 2448 conica,

263 2472 338 2536 alba,
357 2471 438 2540 apice
456 2477 613 2540 tetragona,
631 2471 760 2539 primitus
778 2471 807 2524 in
827 2472 944 2528 lacinias
959 2480 1112 2544 quaternas
1124 2475 1312 2543 triangulares
1324 2472 1406 2543 apice

261 2562 443 2616 cohaerentes
462 2561 581 2630 partita,
601 2560 644 2616 bis
663 2567 756 2615 autem
775 2560 876 2615 iterum
896 2562 924 2614 in
944 2562 1037 2616 medio
1055 2563 1154 2618 divisis
1174 2561 1311 2632 apiceque
1330 2561 1407 2614 llbe-

261 2649 309 2716 ris,
328 2649 540 2720 6·8-partita.
577 2649 697 2704 Areolce
724 2649 791 2703 retis
809 2650 961 2717 perianthii
980 2649 1184 2726 longiusculae.
1221 2650 1339 2706 Fructus
1362 2650 1406 2717 (iu

260 2738 362 2793 nostris
382 2739 560 2808 immaturus)
579 2739 743 2792 brevissime
762 2739 958 2807 pedicellatus,
978 2741 1124 2808 globosus,
1142 2739 1256 2804 viridis,
1276 2739 1406 2807 calyptra

261 2827 354 2882 adhuc
393 2830 512 2884 vestitus
549 2827 678 2898 styloque
716 2827 795 2882 breui
833 2828 949 2898 obliquo
985 2835 1210 2900 purpurascoute
1244 2834 1405 2883 coronatus.

260 2915 360 2988 Sperne
377 2919 500 2972 nondum
518 2917 660 2987 perlectae
680 2916 730 2972 sed
748 2918 804 2972 iarn
821 2918 960 2973 tricoccae
979 2919 1091 2974 laturae
1106 2919 1247 2975 videntur.
1283 2915 1406 2972 nureo
1519 2985 1520 3000 ἦ

259 3004 297 3058 im
318 3023 334 3060 e
350 3007 364 3060 i
378 3006 425 3060 eti.

299 3022 415 3153 pairs.
453 3093 635 3162 Synonynron
649 3091 791 3146 Biachoffii
807 3095 903 3162 paullo
923 3097 1015 3150 adiano
1034 3096 1198 3153 dubitantes
1208 3098 1404 3168 apposuimus,

260 3203 324 3241 cnm
342 3183 521 3253 receptacula
540 3183 645 3250 grossis
662 3175 770 3236 cellulis
788 3190 882 3238 tamen
902 3192 934 3239 ut
953 3185 1075 3256 reliquae
1084 3187 1270 3242 Fimbriariac
1288 3187 1404 3257 quidem
1519 3249 1520 3252 Ἰ

260 3275 404 3343 gaudeant
426 3278 521 3326 tamen
547 3269 575 3323 in
600 3270 643 3325 lris
668 3271 871 3341 speciminibus
897 3290 994 3340 grosse
1021 3275 1217 3344 tuberculata,
1252 3275 1349 3347 qualia
1373 3276 1402 3328 in

259 3363 295 3416 F.
313 3361 429 3431 elegante
445 3359 576 3424 vidimus,
595 3358 650 3414 dici
670 3367 829 3430 nequeant;
854 3362 939 3416 etlam
959 3365 1013 3416 sub
1032 3369 1218 3434 receptaculis
1237 3367 1325 3421 barba
1345 3368 1402 3420 iere

259 3452 387 3508 obsoleta
410 3448 560 3504 rarissimis
587 3449 677 3519 paleis
695 3451 870 3506 conformale
894 3453 937 3507 vel
963 3453 1041 3509 nulla
1058 3457 1194 3524 gaudent.
1231 3455 1402 3526 Ceteroqniu

259 3537 411 3606 descriptio
430 3537 458 3590 iu
477 3538 650 3607 exemplaria
673 3539 858 3595 Biscboffiana
876 3541 1006 3611 quadrat.

332 3626 451 3681 Accedit
468 3625 504 3679 ad
517 3625 622 3682 Flmlr.
640 3646 758 3682 eonem
777 3645 795 3683 a
813 3646 870 3700 qna
887 3638 981 3684 tamen
1001 3631 1099 3687 ironde
1116 3632 1217 3688 latiore
1236 3635 1315 3690 tenui
1335 3634 1399 3705 qui-

258 3718 322 3772 dem
348 3733 400 3771 nec
424 3714 606 3782 tenuissima,
638 3719 816 3787 receptaculo
841 3726 870 3774 et
893 3720 1046 3776 involucris
1071 3720 1244 3791 longioribus
1266 3725 1401 3797 venique

258 3807 411 3864 rarioribus
429 3805 531 3860 differt.

474 3922 519 3972 20.
557 3919 808 3976 Fimbriam
823 3933 972 3977 ueram
989 3921 1021 3976 b.
1040 3926 1069 3976 ct
1088 3921 1178 3991 bdbg.
1196 3875 1205 3890 ·

331 4025 366 4077 F.
377 4023 480 4094 froude
496 4026 602 4080 oboeoto
620 4027 755 4098 oblonqoce
773 4027 856 4082 dllobo
875 4031 1016 4082 rmmtmn
1033 4047 1131 4093 macro,
1146 4031 1400 4102 pedrmculoglobre,

257 4113 414 4186 recquoculn
422 4114 540 4185 feninea
557 4117 746 4171 cmrcm'ruoulo
757 4117 888 4171 neaulntc
904 4116 996 4173 subtus
1008 4117 1401 4194 haesitabunbctofflsriuntlric

256 4205 342 4257 coaice
360 4204 433 4274 longe
451 4203 553 4274 lateque
569 4205 664 4259 rintoso
683 4207 747 4260 disci
763 4209 909 4276 maginem
932 4207 1006 4262 laud
1021 4207 1094 4279 longe
1110 4221 1256 4281 superaete.

400 4293 552 4344 Fimbrlarin
578 4311 670 4346 venosa
698 4296 731 4349 L.
750 4305 775 4348 et
796 4295 844 4366 tp.
873 4299 901 4350 ia
932 4291 1023 4351 Lelm'.
1052 4299 1124 4368 Pup.
1146 4297 1185 4371 pl.
1212 4299 1266 4354 IV.
1292 4301 1398 4371 (1832.)

437 4447 440 4454 Ι
462 4397 490 4451 p.
508 4385 554 4434 29.
573 4397 600 4434 rr.
620 4387 646 4434 ’Δ
688 4384 809 4438 Goltrelre
827 4385 899 4439 Inoa.
919 4387 1017 4459 Hepet.
1036 4388 1128 4442 laedit.

330 4467 451 4521 naban
474 4468 503 4521 n
524 4468 647 4522 ornatur
667 4471 779 4538 (serron
806 4473 835 4527 tn
856 4473 914 4531 rra.
936 4475 1007 4545 aeg.
1030 4479 1152 4532 serare.
1178 4493 1205 4530 n.
1228 4457 1303 4542 ror,⁸
1325 4476 1399 4530 aare

258 4553 285 4607 in
306 4554 364 4608 Hb.
383 4555 427 4622 In,
445 4556 507 4624 Lg,
528 4556 584 4624 Hp.
606 4562 634 4611 et
654 4557 712 4628 N.).
