3140 5112
638 389 818 448 bludotbecs.
1243 399 1299 470 m

222 561 323 628 cuntis
335 560 439 625 tenuis,
458 573 575 632 repeus;
593 561 663 616 rami
678 561 804 630 primarii
817 561 914 630 erecti,
932 561 1175 632 bi-tripolliceres,
1193 565 1298 637 obtusi,

148 652 267 710 ramulis
286 651 517 722 patenti-erectis
537 652 676 720 elongatis
695 653 796 706 iterum
816 668 887 726 vage
906 651 1053 719 instructi,
1078 659 1109 707 ut
1124 660 1182 711 tota
1200 658 1300 732 pluutg

148 750 271 814 quatuor
290 741 325 795 ad
345 757 398 794 sex
415 738 533 809 pollices
551 741 635 810 louge
665 741 711 794 sit.
749 739 830 794 Folio
847 739 1011 806 imbricata,
1035 741 1149 814 oblique
1167 743 1298 823 oblonga,

148 832 211 886 basi
231 845 361 884 convexa
381 829 518 900 spiceque
537 829 663 897 deflexa,
690 835 722 883 ut
740 831 829 883 caulis
849 830 993 884 curiosius
1011 831 1163 900 adpareat,
1187 835 1299 910 obtusa,

147 920 347 990 integerrima,
365 919 416 977 sed
436 919 562 987 margine
580 919 700 974 ventrali
716 919 975 988 undulato-crispa.
1012 920 1137 975 Lobulus
1156 923 1299 992 ligulutus,

149 1025 312 1074 concavus,
334 1007 460 1076 margine
485 1007 648 1062 undulatus.
686 1009 811 1062 Texturs
832 1007 942 1077 spissa,
968 1010 1080 1062 areolae
1098 1011 1224 1067 minutae
1250 1030 1297 1069 ro-

148 1102 265 1156 tundae.
295 1099 498 1170 Anrplriqastrin
510 1097 709 1152 remotiuscula
728 1114 750 1151 s.
762 1097 906 1164 contigua,
926 1096 999 1151 toliis
1011 1098 1170 1167 quadruplo
1182 1101 1300 1169 minora,

149 1188 264 1258 oblique
284 1188 468 1242 rotundare!
488 1189 638 1251 subovata,
657 1203 787 1242 convexa
808 1187 975 1257 caulemque
995 1188 1202 1256 amplexantis,
1221 1206 1298 1245 mar-

149 1277 216 1348 gine
235 1277 401 1348 praesertim
419 1293 541 1346 superne
560 1278 654 1346 paullo
672 1278 789 1344 rctlexa,
809 1278 996 1345 integerrima.
1029 1277 1110 1332 Folia
1127 1277 1302 1332 involucrab'a

148 1367 268 1432 minora,
288 1365 558 1432 undalum-reflexa,
578 1373 677 1436 argute
696 1374 804 1420 serrata
819 1369 863 1421 uel
883 1367 986 1420 citiata.
1025 1367 1214 1422 Periautlrium
1226 1368 1301 1422 loliis

149 1457 271 1520 caulinis
290 1456 330 1510 ita
349 1456 492 1511 obtectum
513 1464 543 1510 ut
570 1456 616 1510 vix
636 1456 794 1524 promineat
812 1465 850 1520 et,
872 1456 971 1525 planta
990 1472 1114 1526 superne
1135 1457 1203 1520 visa,
1228 1472 1297 1510 cou-

149 1547 220 1618 spioi
242 1563 298 1602 uou
316 1546 421 1617 possit,
442 1547 602 1617 quadrato·
614 1555 746 1612 ovatum,
766 1561 957 1614 compressum
978 1552 1007 1598 et
1026 1545 1116 1614 apice,
1135 1545 1301 1614 praesertim

149 1643 215 1694 unte
244 1644 323 1692 setae
349 1635 545 1700 emissionem,
579 1637 728 1700 intlexunr,
758 1635 941 1698 bitabiatum,
975 1634 1059 1688 labiis
1090 1636 1227 1688 truncatis
1250 1650 1299 1689 ore

150 1725 504 1782 cremisse-denticulatis.
524 1755 560 1763 -
580 1724 693 1778 Postlla
712 1725 809 1778 decem
830 1723 942 1777 adsunt.
978 1723 1194 1797 (biudenberg.)

224 1814 306 1869 Obs.
345 1815 450 1869 Similis
469 1814 512 1868 M.
527 1813 714 1888 platyphyllae,
735 1813 876 1883 laevipotce
894 1820 922 1868 et
939 1814 1053 1878 ciilenri,
1072 1822 1197 1868 attamen
1217 1814 1299 1882 caule

149 1922 205 1961 nou
225 1903 427 1974 bi-tripinnato
445 1904 495 1958 sed
515 1911 639 1972 repente,
659 1903 744 1956 remis
759 1903 860 1956 erectis
873 1919 944 1971 vage
960 1903 1122 1967 tumulosis,
1142 1901 1216 1957 toliis
1235 1905 1298 1958 lou·

149 1996 277 2065 gioribus
295 1993 404 2048 obtusis
422 1993 555 2046 interiore
581 1991 707 2060 margine
733 1993 824 2060 magis
848 1993 979 2060 crispatis
1006 2008 1070 2046 cum
1093 1994 1196 2048 lobuiis
1221 1994 1296 2048 inte·

149 2085 293 2156 gerrimis,
320 2083 529 2152 umpbigastriis
554 2083 648 2136 minus
672 2081 827 2135 imbricatis
860 2082 1051 2148 Brevioribus,
1085 2083 1158 2138 toliis
1183 2082 1296 2138 involu-

150 2175 275 2230 cralibus
294 2182 392 2242 argute
412 2171 656 2228 serrato-ciliatis
680 2179 739 2225 tum
759 2171 795 2225 ab
815 2185 871 2224 uns
891 2173 1015 2227 alterave
1033 2178 1092 2227 tum
1112 2175 1150 2228 ab
1169 2172 1300 2228 omnibus

150 2264 360 2334 distinguendo.

319 2375 364 2428 ut.
401 2371 643 2426 Modottrecu
662 2369 957 2439 mbeqmmoeo
984 2367 1020 2422 N.
1041 2375 1069 2421 ct
1090 2367 1130 2422 M.
1271 2429 1276 2438 ¹

224 2463 268 2516 M.
288 2461 361 2516 caule
378 2473 478 2534 repente
495 2461 679 2531 irregulariter
695 2460 890 2532 subbipinnuto,
909 2459 989 2530 soliis
1006 2457 1153 2514 inaffectio
1170 2457 1242 2512 aare
1258 2461 1299 2513 in-

150 2551 331 2607 menibus
358 2549 498 2622 tabulisque
526 2549 626 2622 obliquae
659 2552 741 2604 ocutis
764 2548 860 2604 obtusis
881 2551 1075 2618 integerrimis,
1104 2548 1302 2620 omplripcstrie'e

144 2641 395 2716 punbelim-oeulis
413 2643 540 2712 αάῃτωὶε
557 2639 655 2695 obtrusis
672 2642 789 2710 margine
807 2641 918 2712 untdique
935 2639 1067 2704 resciatis,
1095 2638 1194 2692 cellulis
1211 2640 1297 2691 inter-

150 2729 283 2786 calaribus
302 2731 440 2796 distinctis,
450 2731 550 2801 frsrctu
569 2766 576 2782 .
598 2769 605 2785 .
625 2769 632 2782 .

292 2821 447 2871 Medothecu
468 2823 655 2888 subsquerross
677 2818 798 2871 Gottrclre
817 2818 890 2872 Icois.
912 2817 1012 2889 Heput.
1029 2817 1120 2868 inedie.

297 2909 420 2974 Lejeuuiu
445 2911 634 2976 subsqusrrore
659 2909 696 2960 N.
716 2918 741 2960 et
761 2907 804 2960 M.
833 2907 860 2961 iu
884 2907 958 2960 Anu.
983 2906 1026 2958 des
1048 2923 1080 2959 sc.
1104 2914 1160 2958 nui.
1188 2903 1300 2957 Jcrreier

363 3001 441 3053 1836.
455 3017 485 3070 p.
505 3001 549 3052 57.

225 3105 347 3159 Habitat
374 3106 402 3159 in
424 3105 522 3158 Insula
541 3104 616 3157 Jusn
638 3101 817 3168 Feruaudeu‚
853 3101 889 3154 ad
915 3108 1018 3155 terram
1042 3101 1114 3154 inter
1141 3097 1301 3165 Peitigeras

150 3193 223 3264 (Hb.
244 3194 308 3264 M.).

225 3283 343 3350 Species
362 3281 506 3344 distincta,
526 3281 591 3334 licet
609 3283 733 3335 maxime
752 3279 910 3349 propinqua
930 3277 1092 3330 diadotlecie
1106 3275 1301 3348 platyphyllue‚

146 3371 381 3445 platyphylloideae
399 3378 427 3425 et
445 3369 593 3424 mombis
610 3369 643 3426 L.
663 3376 693 3424 et
710 3371 778 3438 Lg.,
805 3370 945 3438 equibus
969 3365 1078 3420 cunctis
1098 3366 1206 3420 differt:
1233 3365 1300 3420 retis

151 3462 255 3520 ureolis
273 3459 456 3516 subrutundiu
479 3459 696 3514 intercalaribus
720 3457 870 3526 triangulis
895 3455 1115 3510 distinctissimis
1141 3455 1300 3524 disjunctis,

152 3539 275 3622 quae'iu
295 3550 445 3620 speciebus
464 3548 625 3604 memoratis
644 3547 692 3602 vbr
713 3561 836 3618 unquam
855 3545 1063 3600 discernuntur.

224 3640 402 3698 Remiticatio
428 3639 605 3710 irregularis,
632 3637 790 3693 inordinate
816 3635 996 3704 subpinnata.
1036 3633 1133 3688 Cauiis
1153 3631 1299 3700 rigidulus,

152 3731 308 3786 ruieseeus.
351 3727 432 3784 Folio
454 3729 568 3798 oblique
594 3736 694 3792 orata,
718 3726 884 3792 rotundatu,
916 3721 1147 3786 semiverticalia,
1175 3722 1301 3778 conferta

151 3821 268 3892 quidem
294 3827 323 3876 et
344 3818 493 3874 imbricata
517 3816 567 3872 sed
592 3815 755 3886 neutiquam
782 3816 836 3870 sibi
863 3819 940 3869 arcte
965 3811 1172 3880 incumbentis,
1204 3812 1299 3882 potius

153 3918 274 3979 angusto
301 3909 450 3964 intervallo
474 3906 666 3971 dehiscentia,
691 3904 803 3959 sordide
828 3904 945 3969 uiridia,
975 3919 1082 3972 opaca,
1105 3903 1301 3972 integerrima3

152 4001 266 4056 tubulus
284 4000 352 4056 tolio
370 3997 457 4070 duplo
475 3997 575 4062 minor,
594 4001 705 4060 ovatus,
724 3993 852 4061 obtusus,
872 3989 1107 4050 concaviusoulus
1126 3992 1301 4059 autpianus,

152 4090 269 4158 patulus
293 4104 386 4158 neque
413 4104 480 4142 vero
508 4104 526 4142 a
553 4086 620 4142 tolio
648 4101 700 4141 suo
729 4085 878 4139 decurvus.
921 4080 1123 4153 Amphigeneia
1142 4079 1301 4134 lobulorum

153 4179 368 4248 magnitudine,
394 4177 470 4233 cauti
497 4183 553 4231 tarn
578 4182 655 4230 arcte
674 4172 880 4238 incumbentis,
911 4177 943 4224 ut
970 4169 1036 4224 solis
1062 4185 1099 4223 ex
1125 4166 1300 4234 marginibus

153 4267 268 4324 reflexis
298 4269 515 4336 dignoscantur,
549 4267 629 4331 hinc,
662 4280 726 4318 cum
759 4262 921 4326 solvantur,
955 4259 983 4312 in
1017 4257 1111 4311 medio
1145 4254 1301 4310 secundum

153 4373 265 4413 omnem
297 4358 499 4426 longitudinem
532 4353 708 4420 ventricosa,
745 4353 774 4406 in
808 4351 916 4410 ambitu
948 4349 1070 4414 retlexa,
1105 4350 1204 4408 ovata,
1237 4341 1301 4394 basi

153 4447 497 4512 hastato-decurrentis,
523 4445 632 4515 apicem
650 4459 749 4500 versus
767 4441 824 4497 leui
843 4438 906 4496 sinu
927 4439 1128 4506 coangustata,
1154 4431 1235 4500 apice
1253 4445 1303 4483 ro-

154 4537 286 4606 tundatu,
303 4542 435 4593 texturae
451 4535 510 4591 lere
528 4535 657 4591 loliorum
681 4534 731 4592 sed
751 4532 838 4606 paulo
856 4527 1004 4588 densioris.
1039 4525 1161 4580 Fructus
1177 4518 1267 4573 decst.

1024 4645 1092 4696 18’
