3110 5084
640 412 794 468 Ptilidium.
1240 421 1292 472 ‘tol

198 582 226 642 β.
255 583 493 649 Wullrtrtltr'amrm,
519 587 657 637 confertim
678 599 704 636 ct
722 585 897 652 irregulariter
916 601 1059 644 ramosum,
1077 586 1296 653 subbipiunntum,
1394 647 1399 652 ,

250 689 438 744 compactum,
466 677 532 726 loliis
558 687 625 726 statu
652 687 703 725 tam
731 675 801 723 sicco
829 689 909 739 quarn
929 673 1038 724 humido
1057 687 1127 726 arcte
1147 675 1297 736 imbricatis,

250 765 358 815 laciniis
373 778 479 830 auguste
489 765 639 814 lanceolatia
653 763 719 813 ciliis
731 763 850 812 omnium
865 762 993 828 diametro
1005 764 1155 813 lacinianunc
1169 766 1297 832 longiori-

252 855 306 904 bus
327 867 446 904 autenm
465 854 547 904 saltim
568 853 745 920 aequantibus,
764 853 825 902 retis
843 853 951 902 maculis
968 852 1138 919 utplurimum
1151 851 1297 917 pellucidis.

360 941 396 994 N.
415 938 450 993 ub
466 939 503 994 E.
523 938 541 992 l.
560 958 582 992 e.
596 956 627 1011 p.
650 941 710 994 lbi).

358 1030 560 1096 langermannia
579 1031 672 1078 eilinris
691 1027 779 1082 Ebrio.
799 1027 863 1081 Dec.
882 1047 909 1080 n.
930 1031 973 1082 ts.
990 1037 1015 1080 et
1034 1026 1117 1081 Hal.
1156 1026 1296 1082 RornFt.

404 1117 493 1170 Genu.
520 1116 575 1171 ΙΙΙ.
592 1135 622 1188 p.
640 1120 705 1172 400.
722 1135 750 1170 n.
768 1123 813 1172 ec.
838 1115 919 1185 (eccl.
936 1117 1044 1188 maon.)
1085 1115 1179 1171 Wollr.
1207 1115 1295 1188 Cornua.

402 1206 449 1260 1⁵⁷1.
469 1205 558 1260 Germ.
579 1205 603 1260 1.
617 1223 647 1278 p.
665 1211 711 1262 bl.
729 1225 757 1261 a.
775 1209 821 1262 su.

359 1298 560 1363 Jrrnpermaunia
581 1299 677 1348 ciliaris
696 1314 749 1348 rar.
770 1299 787 1358 β
806 1297 936 1366 bradypus
962 1293 1069 1348 Hubert.
1088 1295 1187 1367 Hpat.
1207 1294 1295 1348 Germ.

399 1403 428 1455 p.
447 1388 511 1439 267.
529 1403 556 1440 n.
579 1389 637 1440 lib.

213 1477 250 1529 ln
272 1473 421 1529 montibus
440 1481 469 1527 et
487 1473 516 1527 ln
536 1473 650 1541 regione
668 1475 819 1542 subalpina
838 1473 978 1541 vulgatior
1004 1489 1089 1542 quam
1114 1474 1142 1528 iu
1167 1472 1294 1540 planitie,

138 1565 394 1621 aKamtsebatka
417 1563 580 1624 (Gbamisso
597 1563 626 1616 in
646 1563 705 1618 Hb.
718 1563 806 1618 acad,
828 1562 993 1632 Petropolit.
1013 1579 1040 1616 n.
1054 1563 1100 1630 44)
1129 1559 1294 1628 persistam

137 1654 413 1724 septentrionalem,
441 1669 460 1706 a
482 1653 668 1722 Spitabergeu
693 1660 723 1708 et
740 1652 932 1707 Groeulandia
952 1667 1001 1720 per
1020 1651 1162 1720 Europam
1178 1655 1291 1718 septen·

137 1743 297 1799 trionalom
323 1751 352 1798 ct
375 1742 497 1797 mediam
522 1749 551 1796 ct
568 1743 727 1798 Amerinam
752 1741 998 1811 septentrionalem
1025 1739 1169 1808 dispersa,
1195 1739 1295 1794 ltaliae

139 1835 244 1890 deesse
271 1834 404 1898 videtum
430 1833 457 1885 in
479 1831 617 1886 Hibernia
636 1831 735 1900 paucis
755 1837 863 1886 tanturn
889 1830 957 1884 louis
984 1829 1100 1883 inventa
1119 1833 1177 1892 est;
1205 1843 1294 1897 neque

139 1922 168 1974 in
191 1922 397 1992 bemispbacra
417 1921 492 1990 globi
513 1927 649 1975 terrarum
670 1920 802 1985 australi,
829 1935 921 1988 neque
945 1918 975 1972 in
1001 1918 1058 1972 ulla
1085 1918 1198 1984 regione
1221 1917 1294 1971 inter

140 2011 271 2080 tropicon
297 2013 354 2066 sita
377 2011 487 2064 erescit.
525 2010 595 2064 Vur.
620 2029 638 2062 e
664 2009 749 2064 situm
774 2016 933 2064 terrestrem
958 2015 987 2060 et
1010 2022 1069 2060 var.
1088 2026 1106 2058 a
1126 2007 1156 2060 ll
1181 2006 1293 2076 quidem

140 2100 338 2156 siccissimum
354 2107 382 2154 et
393 2098 515 2154 sterilem
532 2107 623 2164 amat;
642 2102 729 2164 rana
743 2099 771 2154 in
785 2099 915 2154 arborum
929 2096 1036 2152 truncis
1050 2097 1191 2168 ramisque
1208 2097 1293 2166 viget.

219 2191 352 2244 adnot.
386 2188 579 2260 inflammatio
596 2189 711 2244 namura
728 2189 757 2244 ln
776 2189 852 2257 Hep.
864 2189 930 2240 Eur.
948 2204 975 2256 p.
996 2190 1047 2240 129
1063 2203 1124 2256 sqq.
1142 2187 1292 2256 descripta,

141 2278 219 2335 scil:
242 2279 352 2344 „ramis
365 2278 536 2348 ramaliaque
556 2278 732 2334 antberilerla
751 2276 869 2332 inlacels
888 2276 1024 2330 teretibus
1045 2275 1125 2344 apice
1145 2275 1294 2337 uncinatis,

142 2367 239 2431 „toliis
261 2367 487 2437 perigenialibus
508 2365 651 2436 adprensis
670 2373 698 2421 et
717 2367 774 2423 lere
793 2365 1001 2420 circumvolutis
1021 2365 1093 2418 ciliis
1117 2364 1292 2419 brevioribus

142 2457 299 2528 magisque
319 2457 462 2522 inflexis“,
488 2463 579 2512 status
599 2473 661 2511 esse
680 2456 792 2510 ridetur
811 2455 973 2518 annulatus,
992 2471 1008 2508 a
1028 2454 1084 2508 situ
1104 2455 1146 2522 (iu
1166 2456 1290 2521 cortice),

143 2547 224 2601 coelo
245 2547 326 2602 sicco
346 2545 491 2614 magisque
516 2545 544 2599 in
564 2543 766 2611 longitudinem
785 2551 929 2612 protracta
947 2544 1152 2598 inflorcsncntia
1166 2546 1292 2598 mascula

142 2633 273 2689 obortus.
319 2635 352 2688 ln
378 2634 441 2689 aliis
470 2634 672 2704 speciminibus
692 2633 817 2688 eiusdem
838 2633 982 2686 varietatis
1007 2632 1038 2694 (a
1059 2636 1071 2685 l
1092 2652 1109 2685 a
1128 2640 1156 2686 et
1175 2650 1192 2682 e
1209 2637 1292 2703 ΞΜ

142 2723 177 2774 cl.
202 2722 318 2780 Flotow
343 2723 371 2777 d.
389 2727 433 2778 20.
452 2711 520 2777 Julii
547 2741 573 2779 a.
600 2729 663 2779 1841
700 2725 729 2778 in
755 2730 848 2778 monte
876 2722 1053 2790 Kreutnberg
1079 2739 1165 2793 prope
1191 2722 1289 2776 Cervi-

143 2812 285 2867 rnontium
303 2814 392 2877 lectis,
411 2813 616 2869 intlorescentia
626 2813 781 2867 masculina
794 2828 932 2866 ramorum
945 2820 973 2866 et
985 2814 1153 2868 ramulorum
1166 2815 1293 2870 clavatus

143 2899 324 2972 obtusosque
344 2902 438 2971 apices
457 2909 596 2972 occupat,
618 2901 665 2972 qui
691 2901 765 2958 loliis
791 2901 911 2956 caulinis
935 2901 1083 2957 simillimis
1099 2905 1185 2972 paule
1203 2907 1293 2974 magis

145 2991 333 3054 ventricosis,
358 3009 449 3061 neque
472 2992 643 3058 minoribus,
670 2991 756 3046 deuse
780 2991 845 3046 tecti
865 2991 979 3060 plantae
998 2992 1163 3061 adspectum
1181 2995 1209 3048 in
1229 2997 1292 3050 uni·

143 3093 259 3132 versum
280 3080 356 3133 baud
371 3081 488 3134 multum
508 3097 524 3134 a
541 3081 623 3135 solito
636 3079 768 3135 tortilium
781 3081 878 3135 babitu
892 3081 1052 3138 deflectunt.
1083 3082 1293 3152 Dignosountur

144 3173 240 3222 tamen
281 3169 420 3224 eiusmodi
460 3169 563 3238 stirpes
597 3169 713 3224 ramulis
754 3170 887 3226 brevibus
930 3172 1115 3243 apicibusque
1152 3189 1291 3229 ramorum

144 3258 274 3313 nonnihil
290 3257 457 3314 incrassatis
469 3258 664 3327 pallidioribus
682 3259 770 3314 denso
788 3260 942 3316 imbricatis
962 3262 1134 3332 obtusisque.
1173 3261 1290 3330 Amphi-

145 3347 252 3409 gustria
268 3349 395 3402 mascula
415 3348 535 3402 caulinis
553 3348 668 3419 reliquis
687 3349 839 3403 conformia
859 3357 932 3404 sunt.
962 3350 1102 3406 antherae
1118 3353 1146 3406 in
1162 3353 1291 3407 omnibus

144 3432 202 3488 lere
223 3436 356 3492 soliorum
381 3436 594 3506 perigonialium
619 3437 731 3505 angulis
756 3437 899 3506 geminae,
927 3445 1085 3494 structurae
1108 3439 1234 3494 eiusdem
1259 3457 1291 3493 nc

146 3520 163 3571 Ι.
183 3540 207 3575 e.
227 3524 438 3582 describuntur.

389 3651 416 3702 2.
454 3648 671 3704 Pttttrltasm
688 3650 890 3704 emarescere
909 3647 946 3702 N.
968 3650 1004 3703 ab
1024 3651 1056 3703 Ε.

220 3752 269 3804 Pt.
289 3753 369 3825 soliis
392 3754 671 3828 cmnpls'sutn-bs'lobis,
702 3753 757 3808 loto
773 3756 903 3828 superiori
920 3755 1041 3810 deltoideo
1059 3769 1146 3824 ccmo,
1170 3759 1291 3830 mseriori
1349 3736 1352 3741 ¹

148 3837 243 3891 tucius-i
261 3842 553 3912 quudnfido-locs'nioto
564 3843 666 3898 &sciatis
680 3847 809 3898 mercatis
819 3845 962 3914 lorrpusime
973 3845 1081 3908 ciliott'r,
1098 3847 1292 3918 uuspbipustrr'ir

149 3921 293 3980 imbricatis
309 3933 392 3984 enatis
403 3933 709 4004 prinrmtcflde-lact'ttt'utt'r
726 3933 831 3998 filietas,
841 3935 939 4006 fiuwtu
958 3973 964 3987 .
985 3976 992 3989 .
1013 3975 1020 3989 .

293 4020 494 4086 Jungcrmannia
514 4027 613 4074 sciurea
633 4011 723 4075 Nsab
739 4021 775 4076 Ε.
797 4021 866 4094 Hep.
884 4022 947 4076 Jav.
963 4042 992 4096 p.
1010 4028 1055 4078 36.
1073 4043 1100 4079 tt.
1120 4031 1164 4080 42.

220 4106 342 4162 Habitat
370 4107 406 4162 ad
442 4116 544 4164 terram
578 4111 668 4164 larue
701 4109 811 4164 insulae
842 4111 962 4180 sparsim
994 4121 1023 4168 et
1058 4114 1130 4169 inter
1168 4133 1287 4172 muscos.

151 4189 342 4252 Fructitieatio
360 4200 430 4254 latet
446 4199 561 4266 (Blume
578 4200 608 4254 in
628 4200 688 4256 Hb.
709 4199 767 4270 N.).

352 4341 378 4391 ³.
417 4337 635 4396 nutarunt
653 4339 925 4397 omeliarum
944 4341 981 4397 N.
1000 4343 1038 4398 ab
1058 4344 1089 4399 E.

223 4439 272 4494 Pt.
283 4442 363 4512 solir'a
381 4442 466 4516 bifidis
483 4446 641 4518 cornplr‘outis
659 4445 863 4504 lacero-ciliutis
880 4449 949 4504 ciliis
966 4450 1049 4521 insipie
1066 4451 1186 4512 satureia,
1207 4448 1289 4502 inbuto

153 4521 248 4580 aaran
266 4532 362 4585 maiori
381 4533 566 4604 eecli-oblatura
583 4535 671 4591 obtarso
689 4537 761 4609 apice
776 4541 945 4610 uuurpinoto,
962 4539 1075 4595 ventrali
1092 4537 1169 4610 bifido
1188 4537 1290 4593 laciniis
