3140 5112
597 419 831 491 Omphalanthus.
1235 423 1291 473 305

145 619 255 672 propa,
275 599 330 664 N.,
357 597 407 662 la,
429 595 478 664 ug.
498 601 527 649 at
544 593 685 662 Selloa.);
710 608 784 662 quac
809 587 965 659 specimina
987 593 1090 641 cuncta
1109 586 1292 641 Saartaiauis

146 707 184 746 ex
204 689 338 744 amussim
356 690 532 753 congruuntr
551 699 635 752 porro
654 680 689 734 ad
702 681 815 735 Novum
824 677 993 744 Frlbnrgam
1004 674 1141 730 Brasiliae
1159 676 1291 744 (Berriclr

146 781 175 834 in
197 779 255 834 Hb.
274 779 307 833 1..
327 785 356 832 et
374 776 440 845 Lg.)
466 771 676 841 amphipastriis
704 768 860 823 minoribus
884 766 920 820 ad
940 765 974 820 0.
987 764 1182 836 panim'flonan
1206 780 1293 820 acce-

147 869 238 931 deas;
265 865 419 935 specimina
440 863 585 936 Ryasricrric
609 861 649 930 (ia
670 859 729 914 Hb.
748 859 797 923 la,
822 857 891 925 lap,
914 862 945 909 ct
965 855 1018 920 N.,
1043 853 1294 908 ailornemannio

146 959 250 1023 missa,
276 957 359 1012 solito
385 953 486 1007 latiora
510 947 718 1019 amphigastriis
738 945 909 1006 minoribus,
938 951 966 998 et
985 943 1042 997 alia
1061 940 1193 996 Herbarii
1213 942 1244 995 1..
1265 948 1295 994 et

148 1046 200 1113 ις.
220 1043 373 1110 latissima,
397 1059 415 1096 c
434 1037 584 1095 Mettensii
604 1035 774 1104 Herbcrlo);
801 1035 830 1088 iu
856 1034 938 1088 caule
957 1032 1150 1106 Hypcptappii
1173 1031 1293 1086 Saatlri-

147 1137 244 1206 optaris
263 1133 430 1202 Neelopirioe
448 1129 587 1198 (Perottet
604 1127 634 1181 in
654 1127 712 1180 Hb.
731 1124 794 1193 Μ.).

220 1224 289 1278 Vas.
307 1223 324 1284 β
343 1220 476 1285 iamiar,
495 1219 523 1272 in
543 1216 671 1270 districta
687 1215 887 1276 adamantum,
905 1211 934 1265 in
954 1207 1247 1270 MiaisGeneralibus‚
1266 1209 1294 1261 in

150 1313 248 1368 Morio
265 1313 301 1365 da
320 1311 396 1365 Villa
417 1307 505 1372 Rica,
528 1308 557 1360 iu
582 1304 661 1359 silvis
680 1300 832 1372 primaevis
851 1300 889 1354 ad
908 1299 939 1355 S.
958 1298 1031 1352 torto
1051 1295 1180 1365 Baptista
1201 1296 1292 1365 ildar-

149 1402 207 1454 tias
225 1401 253 1454 in
274 1400 332 1454 Hb.
352 1399 420 1469 cit).
457 1397 526 1450 Var.
544 1412 565 1457 γ
582 1394 680 1464 froca,
706 1389 734 1446 iu
754 1389 852 1444 insula
871 1389 902 1444 S.
921 1386 1066 1441 Vincentii
1087 1384 1294 1453 (Hb.1..,1.g.

150 1497 179 1542 et
201 1490 257 1558 N.).

224 1578 327 1635 Vaal
352 1575 427 1642 loro,
454 1575 490 1629 ad
514 1573 628 1643 Stictam
653 1571 796 1625 Ornatam
818 1573 847 1623 at
871 1565 908 1620 ad
928 1562 1092 1634 Petitarum
1104 1563 1296 1636 polyductyliaa

152 1669 181 1722 in
206 1669 284 1723 silvis
303 1664 438 1722 montium
459 1662 629 1718 Provinciae
648 1661 768 1726 Ynngas
789 1655 930 1711 Pacuuiae
955 1669 1018 1707 cam
1043 1651 1189 1706 Frnliaaio
1205 1663 1297 1704 atrato

152 1765 181 1810 et
200 1755 322 1827 [qima
340 1753 453 1808 anillnri
470 1750 641 1820 (d’Orbigny
664 1750 692 1803 in
713 1749 772 1802 Hb.
793 1745 856 1814 Mn.

226 1843 335 1909 Notae,
358 1844 463 1914 quibus
488 1841 521 1894 0.
538 1838 744 1911 filiformissab
763 1837 797 1890 0.
813 1833 977 1906 ysmiaifloso
996 1830 1171 1901 potissimum
1190 1829 1294 1884 distin·

152 1933 264 2000 guitur,
283 1941 365 1988 sunt:
394 1931 483 1986 caulis
511 1930 544 1984 0.
553 1928 606 2000 fili
619 1929 702 1982 orasis
720 1925 830 1994 longior
848 1931 907 1987 est,
932 1920 1076 1990 gracilior,
1096 1917 1211 1972 ramulis
1229 1919 1294 1972 bre-

153 2021 236 2076 vibus
264 2021 434 2076 distantibus
462 2019 668 2088 subplantare,
705 2015 775 2070 rami
803 2018 896 2066 autern
929 2009 1088 2076 superiores
1117 2005 1200 2060 valde
1232 2015 1297 2060 sunt

153 2110 276 2179 elongati
296 2120 324 2166 at
343 2107 575 2169 subiasciculati;
605 2103 808 2174 amphigastria
827 2100 951 2155 maxima
970 2104 1045 2162 sunt,
1072 2095 1161 2161 adeo,
1181 2101 1212 2148 ut
1230 2095 1296 2150 lolia

154 2200 213 2254 lere
233 2199 340 2269 integra
360 2205 459 2266 tegant
476 2203 505 2251 et
524 2197 595 2265 ipsa,
614 2210 677 2247 cum
697 2191 764 2248 lolia
783 2190 967 2246 deflectantur
979 2200 1035 2239 nna
1050 2199 1113 2238 cum
1124 2183 1160 2237 iis
1179 2201 1194 2235 a
1210 2185 1298 2238 latere

153 2298 346 2343 mouerentur.
385 2288 505 2342 Fructus
524 2281 709 2352 configuratio
727 2282 828 2336 eadem
845 2287 889 2335 est
907 2279 935 2332 in
955 2283 1074 2345 utraque
1092 2273 1195 2342 specie.

501 2434 524 2496 s.
544 2434 571 2483 2.
610 2426 828 2498 Amphigastriis
852 2425 953 2481 bilidis.

307 2559 334 2607 ³.
373 2552 688 2620 cmpaatoaenos
706 2550 967 2606 mutientes
995 2546 1031 2601 N.
1053 2546 1088 2598 ab
1109 2545 1141 2598 Ε.

228 2660 261 2711 0.
286 2659 359 2712 corrle
379 2657 559 2730 procumbente
576 2667 679 2730 repente
696 2676 757 2728 cape
774 2675 888 2716 ramoso,
906 2653 986 2726 foliis
1002 2652 1208 2707 lamentantis
1225 2651 1298 2704 dane

155 2747 301 2803 imbricatis
325 2746 607 2802 cordato-orbiculatis
631 2747 804 2816 inteperrimis
828 2745 884 2800 bosi
907 2743 1103 2799 sabdemrreate
1128 2743 1299 2795 minutissime

154 2837 332 2908 complicatis,
357 2837 556 2909 amplipastriis
570 2836 651 2908 soliis
675 2835 818 2890 rriiraaibus
843 2833 1000 2889 distantibus
1023 2832 1062 2886 nei
1083 2834 1211 2902 concipitis
1228 2831 1299 2884 oriri·

154 2923 250 2979 calmis
274 2925 374 2997 bifidis,
388 2925 526 2995 fructibus
550 2927 580 2977 in
604 2924 707 2979 curaeio
728 2926 837 2998 proprio
854 2921 1034 2977 terminalibus
1057 2939 1129 2992 seqre
1145 2921 1299 2988 ‹rriprcpotia

156 3011 286 3084 calyciias
313 3013 598 3068 turbinato-obmicis
622 3012 736 3068 inesibus
768 3016 896 3067 truncatis
920 3011 1135 3081 vermiculisque.
1181 3009 1301 3060 (lottscie

159 3101 230 3155 icon.
251 3104 357 3176 Lejerm.
379 3103 418 3156 11.
436 3109 463 3158 9.

301 3193 504 3317 irrogerrr⁴r;nnia
520 3191 672 3316 ggrrlsilicata
694 3193 731 3246 N.
742 3192 774 3247 ab
786 3194 822 3247 Ε.
843 3191 990 3264 Enunt.p1.
1000 3200 1083 3263 crypt.
1101 3190 1163 3244 Jav.
1177 3191 1257 3246 Fato.
1276 3191 1300 3245 I.

361 3283 391 3335 p.
449 3282 501 3316 .n.
559 3301 565 3316 .

220 3353 246 3411 β,
267 3354 338 3401 caule
358 3356 441 3418 magia
461 3355 596 3416 elongato,
616 3353 693 3401 carnis
713 3357 776 3402 raris
797 3354 932 3413 brevibus,
952 3353 1139 3420 amphigastriis
1159 3355 1303 3405 rarioribus

269 3444 350 3505 aragia
371 3441 567 3508 adproxinratis,
584 3442 684 3490 laciniis
703 3444 868 3490 acutiusculis
887 3445 926 3490 rel
946 3444 1052 3490 obtusis.

230 3528 351 3582 Habitat
370 3528 444 3582 inter
463 3543 575 3583 muscos
594 3527 685 3582 Jarac
704 3530 848 3599 frequens,
878 3545 963 3598 saepe
983 3529 1126 3582 fructifera
1145 3531 1302 3598 insanitum

157 3621 247 3674 forma
267 3617 366 3682 minor,
386 3617 493 3682 viridis,
512 3635 548 3672 ex
570 3617 674 3672 insulis
692 3618 830 3673 Marianis
850 3619 953 3672 sterilis
972 3619 1052 3672 adest
1071 3619 1098 3671 in
1120 3619 1177 3672 lib.
1190 3619 1231 3674 ld.

230 3707 334 3760 Ditiert
358 3709 394 3760 ab
420 3708 453 3760 0.
473 3706 625 3780 isocolyciao
643 3707 770 3775 inprimis
795 3708 1005 3776 amphigastriis
1029 3707 1120 3776 magis
1144 3709 1304 3764 rotundatis

157 3812 244 3865 quam
264 3796 397 3858 cordatis,
418 3796 547 3866 foliisque
566 3795 676 3851 obtusis
696 3796 812 3864 spicere
832 3796 998 3850 rotundatis.

233 3885 265 3937 ln
290 3886 426 3939 varietate
444 3905 462 3938 a
487 3885 688 3954 amphigastria
714 3885 787 3939 loliis
811 3886 895 3954 triplo
922 3885 1044 3948 minora,
1071 3886 1100 3939 in
1124 3887 1263 3941 varietate
1287 3888 1305 3946 β

160 3974 209 4026 rix
229 3973 316 4042 dupio
336 3976 378 4028 rel
399 3975 485 4027 etiam
505 3973 623 4028 dimidio
642 3980 750 4028 tantum
773 3975 899 4038 minora,
927 3975 975 4026 sed
1002 3974 1112 4042 calyces
1135 3975 1162 4028 in
1186 3982 1306 4044 utraque

157 4060 276 4115 omnino
295 4061 416 4126 similes,
436 4065 526 4132 parvi,
546 4063 924 4132 obcoaico-subcyliadrici,
943 4063 1048 4126 laeves,
1068 4063 1149 4132 apice
1166 4063 1259 4116 obtusi
1278 4072 1307 4117 et

159 4157 267 4217 puncto
285 4151 403 4204 centrali
422 4152 556 4221 depresso
581 4151 747 4207 uurbilicati.
785 4151 937 4219 Capsnlam
964 4159 1105 4204 exsertam
1131 4151 1158 4205 ia
1186 4159 1227 4206 tot
1251 4167 1304 4206 ex-

159 4236 260 4304 emplis
279 4237 430 4296 observare
450 4255 505 4296 uon
525 4241 671 4296 successit.

319 4365 346 4413 t.
386 4362 704 4431 carpentoratensis
722 4363 988 4432 isoculyctaass
1007 4361 1045 4415 N.
1066 4362 1101 4416 ab
1122 4365 1154 4416 Ε.

235 4447 268 4499 0.
294 4447 367 4500 caule
386 4451 569 4522 procumbente
583 4451 715 4524 fiiisorari
731 4451 844 4507 ramulis
861 4449 978 4506 brevibus
985 4491 993 4519 ,
1007 4451 1088 4523 foliis
1111 4449 1227 4504 distichis
1248 4467 1307 4502 coa·

159 4540 242 4606 tipicis
258 4539 384 4593 cordato·
395 4541 478 4593 oratis
500 4538 679 4596 orbiculatim
701 4545 786 4596 ccctis
803 4543 981 4611 integrm-imis
995 4541 1085 4612 pinnis
1108 4539 1163 4594 east
1178 4557 1229 4594 aon
1248 4557 1308 4592 coa·

1014 4667 1053 4709 2⁰
