3110 5084
261 393 311 440 174
724 385 936 455 Chilosuypbus.
983 344 989 355 Ι

257 555 393 624 triplicem
417 554 581 608 cellularum
608 555 829 622 magnitudinem
856 573 888 611 ao
915 557 1006 612 media
1031 565 1059 612 el
1085 558 1178 614 infima
1205 575 1270 628 pars
1296 562 1404 631 calycis

257 645 460 699 monstrabant.
499 644 542 697 Ad
561 648 597 698 30
614 644 721 715 pistillo
740 647 959 702 numeravimus.
998 647 1194 704 Perirlurtr'rrrrr
1218 650 1309 705 tribus
1328 653 1404 708 ioliis

256 739 382 800 constat,
400 747 518 805 quorum
540 733 605 786 bina
625 733 660 786 ud
681 734 803 788 medinm
824 735 910 789 lerme
928 744 1060 791 concreta
1079 753 1149 792 sanc
1168 737 1265 793 solium
1285 739 1405 796 invuln-

257 820 333 874 crale
350 837 414 874 cour
434 821 636 890 ampbigaslrio
654 829 742 876 erunt.
781 824 926 893 lrlarpines
944 824 1072 880 loliorum
1099 825 1204 885 circum
1229 829 1306 883 circa
1332 831 1404 884 laci-

256 909 332 963 nulis
351 909 488 964 interdum
508 911 607 964 iterum
626 912 751 965 dentatis
776 915 878 968 ornati
918 914 975 967 Par
1000 915 1227 970 sublnroinorale
1253 905 1311 972 lere
1338 919 1404 972 bulo

256 999 405 1054 conforme.

329 1107 431 1160 Forma
446 1106 594 1176 periantbii
614 1115 698 1177 atquc
717 1107 774 1162 oris
792 1107 955 1162 conditione
971 1107 1015 1161 lric
1029 1110 1119 1178 magis
1139 1111 1175 1165 ad
1187 1109 1404 1184 Olafioirtiprrar

258 1197 382 1262 accedit,
415 1196 463 1266 qui
494 1203 587 1249 tamen
618 1197 674 1251 iarn
709 1195 784 1251 foliis
808 1195 1055 1265 pericbaeliallbus
1078 1206 1106 1253 ct
1135 1202 1299 1269 praesertim
1327 1202 1404 1257 loliis

256 1285 376 1339 caulinis
395 1287 516 1341 dentatis
537 1302 553 1338 a
576 1293 670 1340 nostro
688 1285 826 1338 diversus.

328 1375 407 1430 Obs.
436 1375 622 1429 Inveniuntur
641 1375 726 1428 etiam
740 1373 807 1428 solia
823 1375 884 1428 baal
899 1374 1003 1428 dorsali
1018 1391 1072 1428 non
1089 1385 1229 1444 concreta,
1243 1377 1291 1432 ubi
1306 1385 1402 1433 tameo

257 1463 340 1518 bases
358 1464 483 1519 dorsales
503 1464 563 1518 sine
582 1465 639 1518 ullo
659 1463 746 1517 dubio
764 1464 899 1532 parallelo
919 1469 1009 1517 tracia
1035 1463 1064 1517 in
1088 1465 1197 1520 caulem
1218 1466 1330 1534 longius
1348 1467 1401 1521 de·

256 1560 385 1618 currunt;
405 1553 453 1621 qui
473 1560 564 1607 status
584 1559 678 1607 tamen
698 1553 839 1607 abnormis
858 1541 909 1606 esi.
936 1553 1054 1623 (hung.)

458 1701 486 1750 3.
527 1693 803 1766 vntlmcyplrrrr
821 1694 1024 1752 baduinus
1051 1695 1086 1750 N.
1106 1697 1143 1749 ab
1163 1697 1196 1752 B.

330 1801 378 1854 Gir.
397 1800 470 1854 caule
483 1799 668 1872 procrunberate
685 1801 802 1872 simplici
810 1801 943 1872 flea-arom,
963 1802 1044 1874 soliis
1061 1801 1268 1857 imizonlaiibua
1285 1807 1405 1859 maedis

256 1892 376 1961 marpinr
393 1891 508 1947 ventrali
524 1900 632 1944 arcuato
646 1907 697 1961 prr
715 1889 834 1944 leniorem
851 1891 938 1945 nauare
964 1893 992 1945 in
1010 1893 1110 1962 cpr'rrrn
1127 1892 1403 1963 maminoto-biden-

246 1981 343 2034 'tatam
366 1978 518 2033 amantibus
542 1980 661 2049 marniae
684 1980 782 2034 dorucli
806 1981 961 2034 rectirurulo
984 1980 1042 2034 bari
1065 1981 1095 2034 ia
1124 1981 1200 2036 dorso
1217 1970 1299 2036 mulir
1316 1983 1403 2036 medio

256 2091 314 2126 cum
324 2072 397 2142 solio
413 2073 529 2144 opposito
555 2070 902 2135 transmontanorum,
926 2071 1123 2142 amplripaatrt'ir
1147 2070 1294 2126 imbriculis
1311 2082 1402 2126 iram·

256 2163 396 2219 rmillas
430 2177 489 2216 cnm
503 2161 585 2232 soliis
606 2159 798 2216 mouentibus
820 2169 934 2229 σημαία
954 2161 1108 2232 proiectura
1133 2161 1259 2232 utrinque
1282 2165 1403 2215 annalis

258 2257 378 2322 marpirrc
395 2251 624 2306 demoto-dilatis*
635 2249 757 2304 &alebar
780 2247 909 2320 (utruque
927 2251 1045 2320 maryaire
1063 2247 1084 2304 8
1103 2252 1238 2321 recurvis)
1256 2249 1325 2305 birris
1342 2270 1399 2304 rnr-

260 2343 313 2396 dib
329 2341 471 2396 maioribus
488 2343 550 2394 dau
569 2338 766 2394 rotundiarculo
784 2339 912 2414 discretis,
922 2339 1022 2410 fructu
1043 2382 1049 2397 .
1070 2379 1075 2392 .
1097 2380 1103 2392 .

313 2451 340 2514 β,
361 2451 428 2510 soliis
448 2451 629 2517 integerrimis.

402 2529 601 2604 Jrrugerrnar'rnia
624 2537 733 2587 bndnioa
755 2533 792 2586 N.
802 2532 835 2586 ab
846 2531 881 2586 Ε.
894 2533 963 2603 Hrp.
974 2531 1033 2585 Juv.
1052 2551 1080 2604 p.
1092 2537 1137 2598 26..
1156 2551 1183 2587 n.
1194 2537 1238 2588 28.
1277 2533 1403 2586 Goitsrlre

467 2627 507 2680 Ic.
529 2625 599 2698 Hep.
619 2627 686 2680 irreri.

332 2736 452 2790 Habitat
475 2734 503 2788 iu
522 2735 595 2788 lara
620 2733 711 2787 insula
732 2734 768 2788 ad
789 2739 890 2786 terram
910 2734 983 2788 inter
1002 2748 1114 2786 muscos
1139 2733 1254 2800 (lllume
1276 2731 1333 2784 Hb.
1357 2730 1403 2794 N..

259 2826 300 2892 Ia,
322 2826 371 2892 Lg.
391 2833 420 2879 et
439 2826 489 2894 G.)

331 2912 500 2986 Clilorapplro
517 2911 667 2966 demoranti
684 2911 868 2982 propinquior
886 2912 1015 2966 soliorum
1035 2912 1115 2982 apice
1136 2911 1280 2965 bidentato
1298 2907 1401 2960 distin-

257 3000 352 3070 guitur
372 3018 424 3056 nec
444 3017 501 3056 non
522 3000 729 3070 ampbigastriis
747 3005 872 3072 margine
891 3001 1003 3057 ciliatis.
1266 2989 1269 2996 Δ

333 3090 528 3162 inflorerrentia
555 3092 670 3142 mmralc
699 3090 734 3142 ad
763 3092 844 3152 basin
874 3092 1002 3146 loliorum
1033 3090 1061 3143 in
1091 3088 1211 3143 sacculis
1243 3087 1404 3142 dorsalibus

259 3181 384 3249 margine
408 3179 546 3243 dentatis,
572 3188 602 3232 ut
622 3177 804 3252 Obilorcyplir
827 3197 889 3238 mos
908 3189 960 3235 est.
1004 3180 1183 3248 Quamquam
1203 3177 1271 3231 folia
1288 3175 1404 3230 canlinn

259 3271 321 3324 basi
341 3269 445 3326 dorsali
464 3275 586 3323 connata
605 3276 680 3334 sunt,
702 3283 756 3325 noo
776 3270 875 3326 eadem
895 3269 1021 3326 conditio
1039 3269 1069 3322 in
1088 3267 1162 3321 foliis
1180 3265 1404 3336 perigonialibus

258 3357 413 3424 invenitur;
441 3373 541 3427 nempe
560 3358 682 3424 lobulus,
707 3357 754 3429 qni
780 3359 866 3414 limbo
885 3359 961 3412 tonui
982 3375 1045 3412 aum
1065 3358 1154 3411 altero
1173 3356 1288 3410 alterius
1307 3355 1404 3408 lateris

258 3463 438 3504 concrescere
457 3449 595 3514 debebat,
623 3465 733 3502 sursum
757 3448 786 3502 in
811 3446 920 3502 caulem
947 3448 1068 3502 inllcxus
1092 3462 1157 3500 cum
1176 3447 1229 3499 hoc
1247 3443 1407 3498 concrescit

259 3542 289 3590 oi
314 3553 410 3605 margo
434 3537 569 3592 neutralis
596 3537 666 3592 liber
693 3539 723 3591 fit
748 3537 851 3594 limbus
877 3538 993 3592 sacculi.
1037 3538 1071 3591 ln
1101 3553 1158 3592 uno
1185 3536 1309 3589 alterove
1335 3531 1404 3588 solio

259 3632 352 3682 lamen
371 3627 460 3682 ultimi
480 3627 580 3682 dentes
599 3627 682 3681 buius
700 3628 806 3682 sacculi
825 3645 936 3682 sursum
956 3627 995 3682 ila
1014 3625 1139 3694 contigui
1156 3625 1198 3680 vel
1212 3621 1404 3692 adproximati

259 3725 350 3785 erant,
378 3724 410 3771 ut
427 3733 457 3772 re
484 3733 550 3771 aera
575 3734 631 3786 ope
657 3717 858 3788 microscopica
876 3717 1036 3772 discernere
1064 3732 1118 3770 non
1137 3713 1285 3784 potuerim,
1309 3720 1403 3766 utrum

258 3807 373 3860 connati
392 3812 487 3860 essent
506 3822 558 3860 nec
578 3822 621 3861 ne.

442 3957 470 4006 4.
508 3951 785 4023 vallaremur
802 3951 1044 4006 Billarrileri
1070 3949 1105 4002 N.
1125 3949 1162 4003 nb
1182 3949 1216 4002 E.

332 4057 380 4112 ol.
407 4057 480 4111 caule
495 4067 630 4131 prostrato
653 4059 930 4121 (liniamentorum,
947 4055 1027 4128 foliis
1051 4057 1175 4128 oppositis
1198 4053 1405 4110 icmzontalr'brrr

258 4149 343 4204 oaolt'r
374 4147 545 4202 maiusculis
580 4149 653 4219 rpite
688 4147 836 4216 bidentuio,
872 4149 991 4217 muryittr
1023 4144 1137 4200 ventrali
1163 4154 1272 4198 amalo
1300 4143 1405 4207 demo,

258 4237 359 4291 rlorrnli
375 4235 531 4290 ratiuncula
549 4235 571 4292 6
578 4236 622 4292 -9
640 4239 747 4292 dentato
765 4238 820 4292 lari
838 4255 897 4290 curn
915 4239 999 4292 altero
1008 4235 1082 4306 solio
1099 4235 1216 4308 opposito
1234 4231 1312 4289 limbo
1329 4233 1405 4288 terrui

258 4327 507 4390 roarolo-connatis,
544 4315 742 4398 amplipmniir
773 4327 919 4382 imbricatis
950 4325 1166 4381 tnnmerrciilur
1196 4323 1313 4378 ronreeir
1344 4339 1404 4375 enarr

257 4425 368 4486 utroque
377 4416 451 4487 solio
467 4417 585 4474 manalis
603 4417 808 4484 bidrnlirrrirlia
830 4417 982 4490 perianlbia
999 4414 1180 4488 campanariam
1198 4431 1243 4468 are
1261 4411 1402 4467 buman-

250 4505 402 4574 flacano,
