3100 5072
384 1994 434 2082 0.
469 1993 525 2078 0.
559 1994 707 2082 Nouia·
735 1996 792 2080 ab
823 1993 1049 2082 Reanbcclr

539 2203 889 2318 Praefatio.

601 2463 825 2482 *tu—h*

255 2577 429 2683 Multos
453 2605 594 2685 abhinc
619 2637 739 2687 annos
765 2611 969 2689 consilium
1005 2613 1092 2713 cepi
1120 2611 1287 2690 edendae

4 2843 6 2854 .
140 2745 351 2849 Synopseos
378 2745 658 2851 Hepaticurum
683 2755 843 2830 omnium
868 2755 921 2830 ud
951 2755 1022 2830 illa
1052 2780 1166 2854 usque
1197 2767 1285 2831 tem-

5 2999 6 3002 *
136 2914 236 2987 pora
274 2893 316 2964 in
358 2887 473 2967 lucem
504 2907 799 2994 protracturum.
868 2893 1021 2971 Etenim
1060 2918 1286 2994 persuasum

5 3024 6 3039 ¹
144 3029 238 3104 milri
263 3041 346 3105 erat
374 3027 470 3105 utile
495 3027 576 3108 fore
600 3033 791 3110 eiusmodi
821 3033 1056 3135 opusculum
1089 3035 1137 3110 iis
1167 3037 1288 3111 omni·

142 3173 233 3260 bus,
268 3167 339 3272 qui
366 3173 501 3248 harum
533 3173 758 3274 plantarum
791 3165 1086 3275 pulchritudine
1117 3185 1157 3252 et
1189 3173 1287 3252 mira

142 3313 327 3389 varietate
360 3315 510 3406 allecti,
551 3343 641 3391 cum
676 3315 821 3416 species
855 3343 994 3405 novae,
1028 3327 1069 3391 et
1107 3313 1286 3417 inprimis

139 3457 334 3546 exoticae,
361 3456 408 3532 iis
433 3469 557 3533 essent
583 3457 749 3534 traditae
774 3458 834 3532 vel
861 3460 911 3532 ab
937 3458 1032 3558 ipsis
1057 3457 1285 3557 scrupulosa

140 3595 304 3673 naturae
335 3597 558 3676 curiositate
591 3623 612 3674 e
638 3599 828 3675 corticum
855 3605 894 3672 et
920 3595 1104 3671 loliorum
1131 3597 1286 3672 medici-

139 3737 291 3814 nalium
336 3739 482 3816 acerris
523 3739 782 3842 conquisitae,
834 3737 1086 3838 paucissimas
1130 3747 1283 3812 tanturn

140 3882 298 3957 illarum
316 3882 366 3956 'in
392 3881 505 3957 libris
529 3907 607 3955 esse
624 3879 839 3981 descriptus
860 3891 899 3955 et
920 3879 1011 3954 istas
1028 3877 1158 3966 etiam,
1184 3903 1284 3979 quae

140 4023 194 4098 ab
225 4023 314 4098 eliis
347 4033 479 4097 erutae
511 4023 589 4096 sint
618 4033 742 4121 atque
772 4019 988 4121 expositae,
1026 4019 1067 4092 in
1100 4019 1284 4118 oporibus
1327 4117 1330 4126 .

138 4161 410 4239 diversissimis
439 4163 566 4265 iisque
597 4187 710 4264 saepe
734 4163 796 4238 vel
822 4162 1033 4240 rarioribus
1059 4163 1118 4237 vel
1152 4160 1283 4260 magni

139 4303 259 4404 pretii
284 4326 361 4382 esse
385 4305 579 4407 disperses
604 4313 870 4406 quererentur.
