<?xml version="1.0" encoding="UTF-8"?>
<!DOCTYPE html PUBLIC "-//W3C//DTD XHTML 1.0 Transitional//EN"
    "http://www.w3.org/TR/xhtml1/DTD/xhtml1-transitional.dtd">
<html xmlns="http://www.w3.org/1999/xhtml" xml:lang="en" lang="en">
 <head>
  <title>
</title>
<meta http-equiv="Content-Type" content="text/html;charset=utf-8" />
  <meta name='ocr-system' content='tesseract 3.04.00' />
  <meta name='ocr-capabilities' content='ocr_page ocr_carea ocr_par ocr_line ocrx_word'/>
</head>
<body>
  <div class='ocr_page' id='page_1' title='image "./synopsishepatic00esengoog/synopsishepatic00esengoog_0358.png"; bbox 0 0 3140 5112; ppageno 0'>
   <div class='ocr_carea' id='block_1_1' title="bbox 629 411 1292 481">
    <p class='ocr_par' dir='ltr' id='par_1_1' title="bbox 629 411 1292 481">
     <span class='ocr_line' id='line_1_1' title="bbox 629 411 1292 481; baseline -0.015 -3"><span class='ocrx_word' id='word_1_1' title='bbox 629 411 784 481; x_wconf 69' lang='lat' dir='ltr'>Jas&#39;wnir·</span> <span class='ocrx_word' id='word_1_2' title='bbox 1237 417 1292 468; x_wconf 88' lang='lat' dir='ltr'>aas</span> 
     </span>
    </p>
   </div>
   <div class='ocr_carea' id='block_1_2' title="bbox 211 581 1293 738">
    <p class='ocr_par' dir='ltr' id='par_1_2' title="bbox 211 581 1293 738">
     <span class='ocr_line' id='line_1_2' title="bbox 211 581 1293 657; baseline 0.002 -22"><span class='ocrx_word' id='word_1_3' title='bbox 211 583 235 648; x_wconf 72' lang='lat' dir='ltr'>i,</span> <span class='ocrx_word' id='word_1_4' title='bbox 249 585 376 657; x_wconf 62' lang='lat' dir='ltr'>pinnata,</span> <span class='ocrx_word' id='word_1_5' title='bbox 395 584 469 634; x_wconf 79' lang='lat' dir='ltr'>caule</span> <span class='ocrx_word' id='word_1_6' title='bbox 486 583 602 650; x_wconf 78' lang='lat' dir='ltr'>pinnato,</span> <span class='ocrx_word' id='word_1_7' title='bbox 620 583 692 634; x_wconf 76' lang='lat' dir='ltr'>iuiiis</span> <span class='ocrx_word' id='word_1_8' title='bbox 708 595 737 634; x_wconf 87' lang='lat' dir='ltr'>ut</span> <span class='ocrx_word' id='word_1_9' title='bbox 754 583 780 633; x_wconf 88' lang='lat' dir='ltr'>in</span> <span class='ocrx_word' id='word_1_10' title='bbox 797 597 817 630; x_wconf 73' lang='lat' dir='ltr'>a</span> <span class='ocrx_word' id='word_1_11' title='bbox 835 582 882 633; x_wconf 84' lang='lat' dir='ltr'>sed</span> <span class='ocrx_word' id='word_1_12' title='bbox 902 597 962 632; x_wconf 88' lang='lat' dir='ltr'>num</span> <span class='ocrx_word' id='word_1_13' title='bbox 980 581 1169 651; x_wconf 82' lang='lat' dir='ltr'>smpbigsstriis</span> <span class='ocrx_word' id='word_1_14' title='bbox 1189 583 1293 636; x_wconf 80' lang='lat' dir='ltr'>brevius</span> 
     </span>
     <span class='ocr_line' id='line_1_3' title="bbox 255 670 1115 738; baseline -0.002 -16"><span class='ocrx_word' id='word_1_15' title='bbox 255 675 395 738; x_wconf 88' lang='lat' dir='ltr'>minusque</span> <span class='ocrx_word' id='word_1_16' title='bbox 414 683 485 723; x_wconf 75' lang='lat' dir='ltr'>arete</span> <span class='ocrx_word' id='word_1_17' title='bbox 504 670 776 738; x_wconf 75' lang='lat' dir='ltr'>spinulum-deutrus,</span> <span class='ocrx_word' id='word_1_18' title='bbox 792 670 912 738; x_wconf 77' lang='lat' dir='ltr'>pluribus</span> <span class='ocrx_word' id='word_1_19' title='bbox 931 671 1115 738; x_wconf 64' lang='lat' dir='ltr'>integerrimis.</span> 
     </span>
    </p>
   </div>
   <div class='ocr_carea' id='block_1_3' title="bbox 142 773 1294 1378">
    <p class='ocr_par' dir='ltr' id='par_1_3' title="bbox 142 773 1294 1378">
     <span class='ocr_line' id='line_1_4' title="bbox 220 773 1293 844; baseline 0.004 -14"><span class='ocrx_word' id='word_1_20' title='bbox 220 775 359 830; x_wconf 81' lang='lat' dir='ltr'>Habitent</span> <span class='ocrx_word' id='word_1_21' title='bbox 383 775 489 830; x_wconf 80' lang='lat' dir='ltr'>formae</span> <span class='ocrx_word' id='word_1_22' title='bbox 513 793 530 826; x_wconf 80' lang='lat' dir='ltr'>a</span> <span class='ocrx_word' id='word_1_23' title='bbox 555 777 585 828; x_wconf 88' lang='lat' dir='ltr'>et</span> <span class='ocrx_word' id='word_1_24' title='bbox 607 780 625 840; x_wconf 82' lang='grc' dir='ltr'><strong>β</strong></span> <span class='ocrx_word' id='word_1_25' title='bbox 649 774 679 829; x_wconf 88' lang='lat' dir='ltr'>in</span> <span class='ocrx_word' id='word_1_26' title='bbox 705 775 868 843; x_wconf 88' lang='lat' dir='ltr'>regionibus</span> <span class='ocrx_word' id='word_1_27' title='bbox 892 773 1008 844; x_wconf 86' lang='lat' dir='ltr'>tropicis</span> <span class='ocrx_word' id='word_1_28' title='bbox 1035 775 1072 830; x_wconf 87' lang='lat' dir='ltr'>ed</span> <span class='ocrx_word' id='word_1_29' title='bbox 1098 775 1202 833; x_wconf 77' lang='lat' dir='ltr'>Musae</span> <span class='ocrx_word' id='word_1_30' title='bbox 1224 779 1293 834; x_wconf 77' lang='lat' dir='ltr'>folia</span> 
     </span>
     <span class='ocr_line' id='line_1_5' title="bbox 143 861 1294 936; baseline 0.003 -17"><span class='ocrx_word' id='word_1_31' title='bbox 143 865 221 936; x_wconf 84' lang='lat' dir='ltr'>(Hb.</span> <span class='ocrx_word' id='word_1_32' title='bbox 242 863 344 922; x_wconf 86' lang='lat' dir='ltr'>Web..</span> <span class='ocrx_word' id='word_1_33' title='bbox 363 863 415 932; x_wconf 84' lang='lat' dir='ltr'>Lg.</span> <span class='ocrx_word' id='word_1_34' title='bbox 435 870 464 917; x_wconf 88' lang='lat' dir='ltr'>et</span> <span class='ocrx_word' id='word_1_35' title='bbox 484 861 551 932; x_wconf 78' lang='lat' dir='ltr'><strong>N.);</strong></span> <span class='ocrx_word' id='word_1_36' title='bbox 579 861 668 918; x_wconf 83' lang='lat' dir='ltr'>torma</span> <span class='ocrx_word' id='word_1_37' title='bbox 687 881 704 915; x_wconf 81' lang='lat' dir='ltr'>u</span> <span class='ocrx_word' id='word_1_38' title='bbox 723 863 809 918; x_wconf 82' lang='lat' dir='ltr'>etiam</span> <span class='ocrx_word' id='word_1_39' title='bbox 829 865 858 918; x_wconf 92' lang='lat' dir='ltr'>io</span> <span class='ocrx_word' id='word_1_40' title='bbox 879 864 936 918; x_wconf 83' lang='lat' dir='ltr'>elio</span> <span class='ocrx_word' id='word_1_41' title='bbox 953 879 991 918; x_wconf 87' lang='lat' dir='ltr'>ex</span> <span class='ocrx_word' id='word_1_42' title='bbox 1011 863 1181 934; x_wconf 83' lang='lat' dir='ltr'>Hispanioiu</span> <span class='ocrx_word' id='word_1_43' title='bbox 1200 864 1294 922; x_wconf 89' lang='lat' dir='ltr'>insuia</span> 
     </span>
     <span class='ocr_line' id='line_1_6' title="bbox 144 945 1293 1025; baseline 0.001 -18"><span class='ocrx_word' id='word_1_44' title='bbox 144 947 243 1008; x_wconf 75' lang='lat' dir='ltr'>adlato</span> <span class='ocrx_word' id='word_1_45' title='bbox 259 951 332 1021; x_wconf 73' lang='lat' dir='ltr'>(Hb.</span> <span class='ocrx_word' id='word_1_46' title='bbox 352 953 409 1022; x_wconf 81' lang='lat' dir='ltr'>Hp.</span> <span class='ocrx_word' id='word_1_47' title='bbox 429 959 458 1006; x_wconf 89' lang='lat' dir='ltr'>et</span> <span class='ocrx_word' id='word_1_48' title='bbox 478 950 546 1021; x_wconf 78' lang='lat' dir='ltr'><strong>N.);</strong></span> <span class='ocrx_word' id='word_1_49' title='bbox 572 955 590 1018; x_wconf 83' lang='grc' dir='ltr'><strong>β</strong></span> <span class='ocrx_word' id='word_1_50' title='bbox 612 952 640 1006; x_wconf 84' lang='lat' dir='ltr'>iu</span> <span class='ocrx_word' id='word_1_51' title='bbox 659 945 806 1007; x_wconf 77' lang='lat' dir='ltr'>frondibus</span> <span class='ocrx_word' id='word_1_52' title='bbox 827 953 932 1008; x_wconf 80' lang='lat' dir='ltr'>filicum</span> <span class='ocrx_word' id='word_1_53' title='bbox 956 965 992 1006; x_wconf 87' lang='lat' dir='ltr'>ex</span> <span class='ocrx_word' id='word_1_54' title='bbox 1014 952 1101 1008; x_wconf 86' lang='lat' dir='ltr'>insul.</span> <span class='ocrx_word' id='word_1_55' title='bbox 1121 953 1293 1025; x_wconf 81' lang='lat' dir='ltr'>Guadniupa</span> 
     </span>
     <span class='ocr_line' id='line_1_7' title="bbox 142 1037 1292 1114; baseline 0 -18"><span class='ocrx_word' id='word_1_56' title='bbox 142 1059 210 1096; x_wconf 89' lang='lat' dir='ltr'>eum</span> <span class='ocrx_word' id='word_1_57' title='bbox 230 1043 357 1114; x_wconf 51' lang='lat' dir='ltr'>Leontio</span> <span class='ocrx_word' id='word_1_58' title='bbox 367 1041 512 1110; x_wconf 76' lang='lat' dir='ltr'>Moepsotis&#39;</span> <span class='ocrx_word' id='word_1_59' title='bbox 529 1037 603 1110; x_wconf 61' lang='lat' dir='ltr'>(Hb,</span> <span class='ocrx_word' id='word_1_60' title='bbox 621 1041 758 1109; x_wconf 82' lang='lat' dir='ltr'>Mougeot</span> <span class='ocrx_word' id='word_1_61' title='bbox 776 1041 897 1108; x_wconf 66' lang='lat' dir='ltr'>mum</span> <span class='ocrx_word' id='word_1_62' title='bbox 936 1041 1039 1096; x_wconf 83' lang='lat' dir='ltr'>Forma</span> <span class='ocrx_word' id='word_1_63' title='bbox 1056 1058 1078 1103; x_wconf 73' lang='grc' dir='ltr'><em>γ</em></span> <span class='ocrx_word' id='word_1_64' title='bbox 1095 1039 1244 1106; x_wconf 74' lang='lat' dir='ltr'>subarata,</span> <span class='ocrx_word' id='word_1_65' title='bbox 1263 1043 1292 1096; x_wconf 89' lang='lat' dir='ltr'>iu</span> 
     </span>
     <span class='ocr_line' id='line_1_8' title="bbox 144 1129 1293 1200; baseline 0.001 -16"><span class='ocrx_word' id='word_1_66' title='bbox 144 1129 226 1185; x_wconf 83' lang='lat' dir='ltr'>siluis</span> <span class='ocrx_word' id='word_1_67' title='bbox 252 1130 487 1200; x_wconf 76' lang='lat' dir='ltr'>Cayeunensibus</span> <span class='ocrx_word' id='word_1_68' title='bbox 510 1135 539 1183; x_wconf 86' lang='lat' dir='ltr'>et</span> <span class='ocrx_word' id='word_1_69' title='bbox 563 1129 814 1186; x_wconf 85' lang='lat' dir='ltr'>Snrtnamensibus</span> <span class='ocrx_word' id='word_1_70' title='bbox 837 1129 988 1198; x_wconf 84' lang='lat' dir='ltr'>(Leprieor</span> <span class='ocrx_word' id='word_1_71' title='bbox 1013 1137 1042 1185; x_wconf 89' lang='lat' dir='ltr'>et</span> <span class='ocrx_word' id='word_1_72' title='bbox 1066 1129 1242 1200; x_wconf 81' lang='lat' dir='ltr'>Spiitgerber</span> <span class='ocrx_word' id='word_1_73' title='bbox 1264 1131 1293 1186; x_wconf 88' lang='lat' dir='ltr'>iu</span> 
     </span>
     <span class='ocr_line' id='line_1_9' title="bbox 147 1217 1294 1291; baseline 0 -17"><span class='ocrx_word' id='word_1_74' title='bbox 147 1221 207 1276; x_wconf 81' lang='lat' dir='ltr'>Hb.</span> <span class='ocrx_word' id='word_1_75' title='bbox 229 1221 285 1284; x_wconf 83' lang='lat' dir='ltr'>M..</span> <span class='ocrx_word' id='word_1_76' title='bbox 307 1220 357 1284; x_wconf 68' lang='lat' dir='ltr'>N,</span> <span class='ocrx_word' id='word_1_77' title='bbox 386 1219 418 1273; x_wconf 79' lang='lat'>1..</span> <span class='ocrx_word' id='word_1_78' title='bbox 437 1223 465 1274; x_wconf 87' lang='lat' dir='ltr'>at</span> <span class='ocrx_word' id='word_1_79' title='bbox 485 1219 558 1286; x_wconf 72' lang='lat' dir='ltr'>lag).</span> <span class='ocrx_word' id='word_1_80' title='bbox 609 1219 679 1273; x_wconf 83' lang='lat' dir='ltr'>Ver.</span> <span class='ocrx_word' id='word_1_81' title='bbox 704 1221 851 1291; x_wconf 59' lang='lat' dir='ltr'>immuto</span> <span class='ocrx_word' id='word_1_82' title='bbox 878 1218 907 1272; x_wconf 89' lang='lat' dir='ltr'>in</span> <span class='ocrx_word' id='word_1_83' title='bbox 934 1217 1010 1273; x_wconf 79' lang='lat' dir='ltr'>iuliis</span> <span class='ocrx_word' id='word_1_84' title='bbox 1036 1218 1142 1274; x_wconf 74' lang='lat' dir='ltr'>Das-sas</span> <span class='ocrx_word' id='word_1_85' title='bbox 1167 1219 1294 1274; x_wconf 59' lang='lat' dir='ltr'>uberum</span> 
     </span>
     <span class='ocr_line' id='line_1_10' title="bbox 146 1306 1062 1378; baseline 0 -16"><span class='ocrx_word' id='word_1_86' title='bbox 146 1322 237 1377; x_wconf 88' lang='lat' dir='ltr'>prope</span> <span class='ocrx_word' id='word_1_87' title='bbox 256 1307 318 1362; x_wconf 86' lang='lat' dir='ltr'>Sta.</span> <span class='ocrx_word' id='word_1_88' title='bbox 337 1312 422 1363; x_wconf 81' lang='lat' dir='ltr'>Anna</span> <span class='ocrx_word' id='word_1_89' title='bbox 445 1308 583 1362; x_wconf 83' lang='lat' dir='ltr'>Bresiiiae</span> <span class='ocrx_word' id='word_1_90' title='bbox 601 1307 737 1376; x_wconf 80' lang='lat' dir='ltr'>(Beyrioh</span> <span class='ocrx_word' id='word_1_91' title='bbox 755 1308 784 1362; x_wconf 85' lang='lat' dir='ltr'>in</span> <span class='ocrx_word' id='word_1_92' title='bbox 804 1306 862 1362; x_wconf 74' lang='lat' dir='ltr'>Hb.</span> <span class='ocrx_word' id='word_1_93' title='bbox 882 1307 932 1374; x_wconf 76' lang='lat' dir='ltr'>bg.</span> <span class='ocrx_word' id='word_1_94' title='bbox 953 1315 982 1361; x_wconf 87' lang='lat' dir='ltr'>et</span> <span class='ocrx_word' id='word_1_95' title='bbox 1002 1306 1062 1378; x_wconf 86' lang='lat' dir='ltr'><strong>N.).</strong></span> 
     </span>
    </p>
   </div>
   <div class='ocr_carea' id='block_1_4' title="bbox 144 1409 1293 1843">
    <p class='ocr_par' dir='ltr' id='par_1_4' title="bbox 144 1409 1293 1843">
     <span class='ocr_line' id='line_1_11' title="bbox 219 1409 1293 1489; baseline 0.005 -21"><span class='ocrx_word' id='word_1_96' title='bbox 219 1413 323 1470; x_wconf 81' lang='lat' dir='ltr'>Forma</span> <span class='ocrx_word' id='word_1_97' title='bbox 341 1431 369 1481; x_wconf 79' lang='lat' dir='ltr'>a,</span> <span class='ocrx_word' id='word_1_98' title='bbox 382 1410 488 1489; x_wconf 79' lang='lat' dir='ltr'>pallido</span> <span class='ocrx_word' id='word_1_99' title='bbox 507 1409 629 1470; x_wconf 85' lang='lat' dir='ltr'>tenerior</span> <span class='ocrx_word' id='word_1_100' title='bbox 647 1421 705 1478; x_wconf 85' lang='lat' dir='ltr'>est,</span> <span class='ocrx_word' id='word_1_101' title='bbox 730 1429 816 1482; x_wconf 90' lang='lat' dir='ltr'>parce</span> <span class='ocrx_word' id='word_1_102' title='bbox 835 1427 956 1470; x_wconf 87' lang='lat' dir='ltr'>ramosa.</span> <span class='ocrx_word' id='word_1_103' title='bbox 995 1411 1076 1467; x_wconf 79' lang='lat' dir='ltr'>Folia</span> <span class='ocrx_word' id='word_1_104' title='bbox 1094 1422 1162 1471; x_wconf 88' lang='lat' dir='ltr'>suut</span> <span class='ocrx_word' id='word_1_105' title='bbox 1179 1416 1293 1489; x_wconf 82' lang='lat' dir='ltr'><strong>oblique</strong></span> 
     </span>
     <span class='ocr_line' id='line_1_12' title="bbox 144 1499 1292 1569; baseline 0.003 -12"><span class='ocrx_word' id='word_1_106' title='bbox 144 1503 305 1558; x_wconf 85' lang='lat' dir='ltr'>orbiculata</span> <span class='ocrx_word' id='word_1_107' title='bbox 323 1509 373 1558; x_wconf 90' lang='lat' dir='ltr'>aut</span> <span class='ocrx_word' id='word_1_108' title='bbox 390 1504 680 1569; x_wconf 82' lang='lat' dir='ltr'>ovato-orbiauiata,</span> <span class='ocrx_word' id='word_1_109' title='bbox 707 1499 833 1568; x_wconf 88' lang='lat' dir='ltr'>margine</span> <span class='ocrx_word' id='word_1_110' title='bbox 853 1501 958 1557; x_wconf 87' lang='lat' dir='ltr'>dursaii</span> <span class='ocrx_word' id='word_1_111' title='bbox 979 1502 1147 1569; x_wconf 79' lang='lat' dir='ltr'>rotundato,</span> <span class='ocrx_word' id='word_1_112' title='bbox 1173 1505 1292 1560; x_wconf 82' lang='lat' dir='ltr'>ventrali</span> 
     </span>
     <span class='ocr_line' id='line_1_13' title="bbox 147 1591 1293 1661; baseline -0.001 -15"><span class='ocrx_word' id='word_1_113' title='bbox 147 1593 316 1647; x_wconf 70' lang='lat' dir='ltr'><strong>motiuncula</strong></span> <span class='ocrx_word' id='word_1_114' title='bbox 344 1593 462 1661; x_wconf 75' lang='lat' dir='ltr'><strong>basique</strong></span> <span class='ocrx_word' id='word_1_115' title='bbox 490 1592 659 1648; x_wconf 69' lang='lat' dir='ltr'>decurrente</span> <span class='ocrx_word' id='word_1_116' title='bbox 688 1592 718 1646; x_wconf 88' lang='lat' dir='ltr'>iu</span> <span class='ocrx_word' id='word_1_117' title='bbox 748 1591 874 1658; x_wconf 77' lang='lat' dir='ltr'>lobuium</span> <span class='ocrx_word' id='word_1_118' title='bbox 902 1591 1048 1647; x_wconf 83' lang='lat' dir='ltr'>dentatum</span> <span class='ocrx_word' id='word_1_119' title='bbox 1075 1591 1180 1645; x_wconf 80' lang='lat' dir='ltr'>inflexa</span> <span class='ocrx_word' id='word_1_120' title='bbox 1212 1591 1293 1659; x_wconf 86' lang='lat' dir='ltr'>apiae</span> 
     </span>
     <span class='ocr_line' id='line_1_14' title="bbox 144 1680 1292 1752; baseline -0.002 -16"><span class='ocrx_word' id='word_1_121' title='bbox 144 1683 230 1736; x_wconf 82' lang='lat' dir='ltr'>iuxta</span> <span class='ocrx_word' id='word_1_122' title='bbox 259 1682 411 1750; x_wconf 75' lang='lat' dir='ltr'>marginem</span> <span class='ocrx_word' id='word_1_123' title='bbox 443 1683 613 1743; x_wconf 77' lang='lat' dir='ltr'>neutralem,</span> <span class='ocrx_word' id='word_1_124' title='bbox 649 1680 803 1752; x_wconf 90' lang='lat' dir='ltr'>quippequi</span> <span class='ocrx_word' id='word_1_125' title='bbox 832 1681 923 1749; x_wconf 87' lang='lat' dir='ltr'>magis</span> <span class='ocrx_word' id='word_1_126' title='bbox 954 1687 1062 1744; x_wconf 87' lang='lat' dir='ltr'>rectus,</span> <span class='ocrx_word' id='word_1_127' title='bbox 1098 1681 1292 1747; x_wconf 71' lang='lat' dir='ltr'>acutiuscula,</span> 
     </span>
     <span class='ocr_line' id='line_1_15' title="bbox 145 1768 1293 1843; baseline -0.001 -18"><span class='ocrx_word' id='word_1_128' title='bbox 145 1789 214 1843; x_wconf 89' lang='lat' dir='ltr'>pars</span> <span class='ocrx_word' id='word_1_129' title='bbox 241 1771 348 1841; x_wconf 86' lang='lat' dir='ltr'>reliqua</span> <span class='ocrx_word' id='word_1_130' title='bbox 374 1771 501 1826; x_wconf 89' lang='lat' dir='ltr'>eiusdem</span> <span class='ocrx_word' id='word_1_131' title='bbox 527 1770 662 1839; x_wconf 76' lang='lat' dir='ltr'>marginis</span> <span class='ocrx_word' id='word_1_132' title='bbox 688 1770 755 1825; x_wconf 86' lang='lat' dir='ltr'>inde</span> <span class='ocrx_word' id='word_1_133' title='bbox 781 1787 798 1823; x_wconf 84' lang='lat' dir='ltr'>a</span> <span class='ocrx_word' id='word_1_134' title='bbox 824 1768 918 1825; x_wconf 78' lang='lat' dir='ltr'>{obuio</span> <span class='ocrx_word' id='word_1_135' title='bbox 944 1769 973 1823; x_wconf 84' lang='lat' dir='ltr'>io</span> <span class='ocrx_word' id='word_1_136' title='bbox 998 1770 1139 1840; x_wconf 79' lang='lat' dir='ltr'>plerisque</span> <span class='ocrx_word' id='word_1_137' title='bbox 1158 1786 1214 1824; x_wconf 91' lang='lat' dir='ltr'>uuo</span> <span class='ocrx_word' id='word_1_138' title='bbox 1233 1770 1293 1824; x_wconf 85' lang='lat' dir='ltr'>solo</span> 
     </span>
    </p>
   </div>
   <div class='ocr_carea' id='block_1_5' title="bbox 146 1855 1405 1938">
    <p class='ocr_par' dir='ltr' id='par_1_5' title="bbox 146 1855 1405 1938">
     <span class='ocr_line' id='line_1_16' title="bbox 146 1855 1405 1938; baseline -0.003 -23"><span class='ocrx_word' id='word_1_139' title='bbox 146 1859 278 1930; x_wconf 79' lang='lat' dir='ltr'>binisque</span> <span class='ocrx_word' id='word_1_140' title='bbox 297 1859 431 1914; x_wconf 75' lang='lat' dir='ltr'>dentibus</span> <span class='ocrx_word' id='word_1_141' title='bbox 450 1859 516 1914; x_wconf 83' lang='lat' dir='ltr'>latis</span> <span class='ocrx_word' id='word_1_142' title='bbox 535 1859 721 1930; x_wconf 85' lang='lat' dir='ltr'>iacinuiisque</span> <span class='ocrx_word' id='word_1_143' title='bbox 741 1857 863 1913; x_wconf 87' lang='lat' dir='ltr'>subinde</span> <span class='ocrx_word' id='word_1_144' title='bbox 883 1855 996 1913; x_wconf 84' lang='lat' dir='ltr'>inflexis</span> <span class='ocrx_word' id='word_1_145' title='bbox 1014 1865 1057 1912; x_wconf 88' lang='lat' dir='ltr'>est</span> <span class='ocrx_word' id='word_1_146' title='bbox 1074 1857 1221 1927; x_wconf 87' lang='lat' dir='ltr'>praedita;</span> <span class='ocrx_word' id='word_1_147' title='bbox 1241 1873 1293 1912; x_wconf 89' lang='lat' dir='ltr'>nec</span> <span class='ocrx_word' id='word_1_148' title='bbox 1399 1928 1405 1938; x_wconf 93' lang='lat'><em>.</em></span> 
     </span>
    </p>
   </div>
   <div class='ocr_carea' id='block_1_6' title="bbox 145 1941 1295 3172">
    <p class='ocr_par' dir='ltr' id='par_1_6' title="bbox 145 1941 1294 2554">
     <span class='ocr_line' id='line_1_17' title="bbox 147 1941 1290 2018; baseline -0.001 -15"><span class='ocrx_word' id='word_1_149' title='bbox 147 1965 211 2005; x_wconf 84' lang='lat' dir='ltr'>raro</span> <span class='ocrx_word' id='word_1_150' title='bbox 235 1941 331 2004; x_wconf 84' lang='lat' dir='ltr'>ioiium</span> <span class='ocrx_word' id='word_1_151' title='bbox 361 1952 442 2018; x_wconf 86' lang='lat' dir='ltr'>apice</span> <span class='ocrx_word' id='word_1_152' title='bbox 471 1948 639 2015; x_wconf 85' lang='lat' dir='ltr'>inflectitur;</span> <span class='ocrx_word' id='word_1_153' title='bbox 668 1963 764 2016; x_wconf 84' lang='lat' dir='ltr'>margo</span> <span class='ocrx_word' id='word_1_154' title='bbox 789 1945 923 2012; x_wconf 85' lang='lat' dir='ltr'>dorsalis,</span> <span class='ocrx_word' id='word_1_155' title='bbox 950 1945 1137 2016; x_wconf 75' lang='lat' dir='ltr'>inaequaliter</span> <span class='ocrx_word' id='word_1_156' title='bbox 1161 1945 1290 2016; x_wconf 91' lang='lat' dir='ltr'>spinoso-</span> 
     </span>
     <span class='ocr_line' id='line_1_18' title="bbox 145 2033 1294 2110; baseline -0.001 -18"><span class='ocrx_word' id='word_1_157' title='bbox 145 2039 282 2093; x_wconf 87' lang='lat' dir='ltr'>dentatus</span> <span class='ocrx_word' id='word_1_158' title='bbox 302 2044 478 2103; x_wconf 74' lang='lat' dir='ltr'>senatusue,</span> <span class='ocrx_word' id='word_1_159' title='bbox 505 2037 637 2092; x_wconf 82' lang='lat' dir='ltr'>dentibus</span> <span class='ocrx_word' id='word_1_160' title='bbox 656 2035 747 2104; x_wconf 88' lang='lat' dir='ltr'>magis</span> <span class='ocrx_word' id='word_1_161' title='bbox 766 2036 893 2090; x_wconf 87' lang='lat' dir='ltr'>minusve</span> <span class='ocrx_word' id='word_1_162' title='bbox 913 2033 1055 2090; x_wconf 78' lang='lat' dir='ltr'>confertis.</span> <span class='ocrx_word' id='word_1_163' title='bbox 1094 2037 1294 2110; x_wconf 62' lang='lat' dir='ltr'>Ampisyastrs&#39;a</span> 
     </span>
     <span class='ocr_line' id='line_1_19' title="bbox 146 2122 1290 2192; baseline -0.005 -9"><span class='ocrx_word' id='word_1_164' title='bbox 146 2130 223 2184; x_wconf 81' lang='lat' dir='ltr'>baud</span> <span class='ocrx_word' id='word_1_165' title='bbox 242 2129 399 2192; x_wconf 85' lang='lat' dir='ltr'>imbricata,</span> <span class='ocrx_word' id='word_1_166' title='bbox 420 2127 589 2192; x_wconf 80' lang='lat' dir='ltr'>orbiculata,</span> <span class='ocrx_word' id='word_1_167' title='bbox 609 2141 673 2179; x_wconf 87' lang='lat' dir='ltr'>raro</span> <span class='ocrx_word' id='word_1_168' title='bbox 692 2123 918 2188; x_wconf 81' lang='lat' dir='ltr'>subreuiformia,</span> <span class='ocrx_word' id='word_1_169' title='bbox 938 2124 999 2178; x_wconf 88' lang='lat' dir='ltr'>basi</span> <span class='ocrx_word' id='word_1_170' title='bbox 1019 2123 1203 2188; x_wconf 87' lang='lat' dir='ltr'>denticulata,</span> <span class='ocrx_word' id='word_1_171' title='bbox 1221 2122 1290 2177; x_wconf 93' lang='lat' dir='ltr'>deu·</span> 
     </span>
     <span class='ocr_line' id='line_1_20' title="bbox 146 2211 1291 2282; baseline -0.006 -10"><span class='ocrx_word' id='word_1_172' title='bbox 146 2217 223 2272; x_wconf 89' lang='lat' dir='ltr'>tibus</span> <span class='ocrx_word' id='word_1_173' title='bbox 247 2215 412 2272; x_wconf 83' lang='lat' dir='ltr'>iaciuulisve</span> <span class='ocrx_word' id='word_1_174' title='bbox 436 2215 610 2282; x_wconf 83' lang='lat' dir='ltr'>iatinseuiis,</span> <span class='ocrx_word' id='word_1_175' title='bbox 643 2213 769 2280; x_wconf 75' lang='lat' dir='ltr'>margine</span> <span class='ocrx_word' id='word_1_176' title='bbox 797 2227 900 2281; x_wconf 86' lang='lat' dir='ltr'>supero</span> <span class='ocrx_word' id='word_1_177' title='bbox 925 2211 1104 2280; x_wconf 86' lang='lat' dir='ltr'>integerrimo</span> <span class='ocrx_word' id='word_1_178' title='bbox 1122 2211 1291 2268; x_wconf 79' lang='lat' dir='ltr'>subrebero.</span> 
     </span>
     <span class='ocr_line' id='line_1_21' title="bbox 148 2299 1292 2376; baseline -0.006 -14"><span class='ocrx_word' id='word_1_179' title='bbox 148 2306 226 2368; x_wconf 75' lang='lat' dir='ltr'>Raro</span> <span class='ocrx_word' id='word_1_180' title='bbox 257 2306 458 2376; x_wconf 81' lang='lat' dir='ltr'>ampbigastria</span> <span class='ocrx_word' id='word_1_181' title='bbox 488 2313 547 2359; x_wconf 86' lang='lat' dir='ltr'>tota</span> <span class='ocrx_word' id='word_1_182' title='bbox 576 2301 774 2370; x_wconf 84' lang='lat' dir='ltr'>integerrima,</span> <span class='ocrx_word' id='word_1_183' title='bbox 803 2307 853 2355; x_wconf 87' lang='lat' dir='ltr'>ant</span> <span class='ocrx_word' id='word_1_184' title='bbox 878 2301 964 2354; x_wconf 87' lang='lat' dir='ltr'>etiam</span> <span class='ocrx_word' id='word_1_185' title='bbox 989 2307 1050 2355; x_wconf 89' lang='lat' dir='ltr'>tota</span> <span class='ocrx_word' id='word_1_186' title='bbox 1074 2299 1192 2356; x_wconf 79' lang='lat' dir='ltr'>dentata</span> <span class='ocrx_word' id='word_1_187' title='bbox 1217 2307 1292 2355; x_wconf 84' lang='lat' dir='ltr'>sunt.</span> 
     </span>
     <span class='ocr_line' id='line_1_22' title="bbox 147 2389 1292 2464; baseline -0.003 -16"><span class='ocrx_word' id='word_1_188' title='bbox 147 2395 334 2450; x_wconf 70' lang='lat' dir='ltr'>Per-insedisse</span> <span class='ocrx_word' id='word_1_189' title='bbox 353 2401 384 2449; x_wconf 90' lang='lat' dir='ltr'>ut</span> <span class='ocrx_word' id='word_1_190' title='bbox 402 2395 430 2449; x_wconf 88' lang='lat' dir='ltr'>iu</span> <span class='ocrx_word' id='word_1_191' title='bbox 451 2393 566 2464; x_wconf 88' lang='lat' dir='ltr'>reliquis</span> <span class='ocrx_word' id='word_1_192' title='bbox 583 2390 729 2456; x_wconf 88' lang='lat' dir='ltr'>omnibus,</span> <span class='ocrx_word' id='word_1_193' title='bbox 758 2390 867 2459; x_wconf 86' lang='lat' dir='ltr'>apicem</span> <span class='ocrx_word' id='word_1_194' title='bbox 891 2403 991 2444; x_wconf 79' lang='lat' dir='ltr'>versus</span> <span class='ocrx_word' id='word_1_195' title='bbox 1017 2390 1045 2443; x_wconf 88' lang='lat' dir='ltr'>iu</span> <span class='ocrx_word' id='word_1_196' title='bbox 1066 2396 1186 2461; x_wconf 87' lang='lat' dir='ltr'>utroque</span> <span class='ocrx_word' id='word_1_197' title='bbox 1205 2389 1292 2445; x_wconf 78' lang='lat' dir='ltr'>latere</span> 
     </span>
     <span class='ocr_line' id='line_1_23' title="bbox 149 2481 712 2554; baseline -0.011 -16"><span class='ocrx_word' id='word_1_198' title='bbox 149 2485 195 2538; x_wconf 85' lang='lat' dir='ltr'>aia</span> <span class='ocrx_word' id='word_1_199' title='bbox 213 2484 463 2554; x_wconf 86' lang='lat' dir='ltr'>spinoso-dentata</span> <span class='ocrx_word' id='word_1_200' title='bbox 481 2491 525 2539; x_wconf 88' lang='lat' dir='ltr'>est</span> <span class='ocrx_word' id='word_1_201' title='bbox 543 2481 712 2552; x_wconf 80' lang='lat' dir='ltr'>praeditum.</span> 
     </span>
    </p>

    <p class='ocr_par' dir='ltr' id='par_1_7' title="bbox 150 2565 1290 2730">
     <span class='ocr_line' id='line_1_24' title="bbox 220 2565 1290 2645; baseline -0.006 -18"><span class='ocrx_word' id='word_1_202' title='bbox 220 2572 321 2627; x_wconf 82' lang='lat' dir='ltr'>Forma</span> <span class='ocrx_word' id='word_1_203' title='bbox 341 2574 367 2637; x_wconf 81' lang='grc' dir='ltr'>β,</span> <span class='ocrx_word' id='word_1_204' title='bbox 378 2573 475 2645; x_wconf 71' lang='lat' dir='ltr'>fines,</span> <span class='ocrx_word' id='word_1_205' title='bbox 494 2569 580 2642; x_wconf 88' lang='lat' dir='ltr'>panio</span> <span class='ocrx_word' id='word_1_206' title='bbox 598 2567 687 2623; x_wconf 86' lang='lat' dir='ltr'>maior</span> <span class='ocrx_word' id='word_1_207' title='bbox 705 2573 762 2630; x_wconf 84' lang='lat' dir='ltr'>est,</span> <span class='ocrx_word' id='word_1_208' title='bbox 782 2566 856 2620; x_wconf 80' lang='lat' dir='ltr'>foliis</span> <span class='ocrx_word' id='word_1_209' title='bbox 875 2567 1016 2638; x_wconf 77' lang='lat' dir='ltr'>plerisque</span> <span class='ocrx_word' id='word_1_210' title='bbox 1035 2565 1209 2636; x_wconf 77' lang='lat' dir='ltr'>longioribus</span> <span class='ocrx_word' id='word_1_211' title='bbox 1227 2568 1290 2637; x_wconf 89' lang='lat' dir='ltr'>api·</span> 
     </span>
     <span class='ocr_line' id='line_1_25' title="bbox 150 2655 1249 2730; baseline 0 -15"><span class='ocrx_word' id='word_1_212' title='bbox 150 2677 212 2716; x_wconf 86' lang='lat' dir='ltr'>eeur</span> <span class='ocrx_word' id='word_1_213' title='bbox 231 2675 329 2717; x_wconf 84' lang='lat' dir='ltr'>versus</span> <span class='ocrx_word' id='word_1_214' title='bbox 347 2662 439 2730; x_wconf 82' lang='lat' dir='ltr'>magis</span> <span class='ocrx_word' id='word_1_215' title='bbox 458 2663 622 2724; x_wconf 84' lang='lat' dir='ltr'>attenuatis,</span> <span class='ocrx_word' id='word_1_216' title='bbox 641 2655 767 2724; x_wconf 83' lang='lat' dir='ltr'>margine</span> <span class='ocrx_word' id='word_1_217' title='bbox 788 2655 905 2710; x_wconf 82' lang='lat' dir='ltr'>ventrali</span> <span class='ocrx_word' id='word_1_218' title='bbox 926 2656 1097 2726; x_wconf 79' lang='lat' dir='ltr'>frequentius</span> <span class='ocrx_word' id='word_1_219' title='bbox 1116 2658 1249 2728; x_wconf 87' lang='lat' dir='ltr'>repando.</span> 
     </span>
    </p>

    <p class='ocr_par' dir='ltr' id='par_1_8' title="bbox 149 2742 1295 2907">
     <span class='ocr_line' id='line_1_26' title="bbox 223 2742 1295 2817; baseline -0.002 -13"><span class='ocrx_word' id='word_1_220' title='bbox 223 2751 326 2806; x_wconf 77' lang='lat' dir='ltr'>Forma</span> <span class='ocrx_word' id='word_1_221' title='bbox 344 2763 379 2814; x_wconf 71' lang='lat' dir='ltr'>u.</span> <span class='ocrx_word' id='word_1_222' title='bbox 397 2749 548 2817; x_wconf 77' lang='lat' dir='ltr'>mimruto,</span> <span class='ocrx_word' id='word_1_223' title='bbox 573 2748 680 2804; x_wconf 81' lang='lat' dir='ltr'>tornae</span> <span class='ocrx_word' id='word_1_224' title='bbox 699 2745 716 2806; x_wconf 75' lang='grc' dir='ltr'><strong>β</strong></span> <span class='ocrx_word' id='word_1_225' title='bbox 734 2742 878 2798; x_wconf 79' lang='lat' dir='ltr'>maximae</span> <span class='ocrx_word' id='word_1_226' title='bbox 896 2750 941 2799; x_wconf 85' lang='lat' dir='ltr'>est</span> <span class='ocrx_word' id='word_1_227' title='bbox 958 2759 1098 2813; x_wconf 87' lang='lat' dir='ltr'>congrua,</span> <span class='ocrx_word' id='word_1_228' title='bbox 1122 2762 1174 2802; x_wconf 89' lang='lat' dir='ltr'>nec</span> <span class='ocrx_word' id='word_1_229' title='bbox 1193 2748 1295 2813; x_wconf 79' lang='lat' dir='ltr'>differt,</span> 
     </span>
     <span class='ocr_line' id='line_1_27' title="bbox 149 2833 1105 2907; baseline -0.004 -14"><span class='ocrx_word' id='word_1_230' title='bbox 149 2839 205 2894; x_wconf 84' lang='lat' dir='ltr'>nist</span> <span class='ocrx_word' id='word_1_231' title='bbox 224 2847 335 2895; x_wconf 87' lang='lat' dir='ltr'>statura</span> <span class='ocrx_word' id='word_1_232' title='bbox 352 2839 458 2894; x_wconf 84' lang='lat' dir='ltr'>meiere</span> <span class='ocrx_word' id='word_1_233' title='bbox 478 2842 508 2892; x_wconf 86' lang='lat' dir='ltr'>et</span> <span class='ocrx_word' id='word_1_234' title='bbox 526 2833 735 2907; x_wconf 78' lang='lat' dir='ltr'>ampbigastriis</span> <span class='ocrx_word' id='word_1_235' title='bbox 754 2833 871 2888; x_wconf 78' lang='lat' dir='ltr'>densius</span> <span class='ocrx_word' id='word_1_236' title='bbox 890 2834 1105 2903; x_wconf 85' lang='lat' dir='ltr'>adproximatis.</span> 
     </span>
    </p>

    <p class='ocr_par' dir='ltr' id='par_1_9' title="bbox 147 2923 1292 3172">
     <span class='ocr_line' id='line_1_28' title="bbox 222 2923 1292 3000; baseline -0.005 -17"><span class='ocrx_word' id='word_1_237' title='bbox 222 2929 324 2983; x_wconf 83' lang='lat' dir='ltr'>Forma</span> <span class='ocrx_word' id='word_1_238' title='bbox 344 2940 367 2994; x_wconf 67' lang='lat' dir='ltr'>a,</span> <span class='ocrx_word' id='word_1_239' title='bbox 386 2929 516 3000; x_wconf 69' lang='lat' dir='ltr'>pimenio,</span> <span class='ocrx_word' id='word_1_240' title='bbox 541 2927 633 2982; x_wconf 89' lang='lat' dir='ltr'>minor</span> <span class='ocrx_word' id='word_1_241' title='bbox 651 2929 696 2979; x_wconf 86' lang='lat' dir='ltr'>est</span> <span class='ocrx_word' id='word_1_242' title='bbox 714 2930 743 2978; x_wconf 91' lang='lat' dir='ltr'>et</span> <span class='ocrx_word' id='word_1_243' title='bbox 761 2923 855 2978; x_wconf 72' lang='lat' dir='ltr'>differt</span> <span class='ocrx_word' id='word_1_244' title='bbox 873 2923 969 2978; x_wconf 88' lang='lat' dir='ltr'>babitu</span> <span class='ocrx_word' id='word_1_245' title='bbox 989 2924 1128 2992; x_wconf 81' lang='lat' dir='ltr'>crispulo,</span> <span class='ocrx_word' id='word_1_246' title='bbox 1154 2923 1292 2978; x_wconf 75' lang='lat' dir='ltr'>ramibon-</span> 
     </span>
     <span class='ocr_line' id='line_1_29' title="bbox 149 3010 1291 3086; baseline -0.007 -16"><span class='ocrx_word' id='word_1_247' title='bbox 149 3017 226 3072; x_wconf 87' lang='lat' dir='ltr'>tione</span> <span class='ocrx_word' id='word_1_248' title='bbox 245 3016 378 3086; x_wconf 86' lang='lat' dir='ltr'>pinnata,</span> <span class='ocrx_word' id='word_1_249' title='bbox 403 3017 536 3070; x_wconf 88' lang='lat' dir='ltr'>dentibus</span> <span class='ocrx_word' id='word_1_250' title='bbox 561 3015 690 3070; x_wconf 80' lang='lat' dir='ltr'>soliorum</span> <span class='ocrx_word' id='word_1_251' title='bbox 720 3011 904 3082; x_wconf 76' lang='lat' dir='ltr'>paucioribus</span> <span class='ocrx_word' id='word_1_252' title='bbox 927 3011 1154 3081; x_wconf 83' lang='lat' dir='ltr'>minoribusque,</span> <span class='ocrx_word' id='word_1_253' title='bbox 1182 3010 1291 3078; x_wconf 88' lang='lat' dir='ltr'>amphi-</span> 
     </span>
     <span class='ocr_line' id='line_1_30' title="bbox 147 3103 485 3172; baseline 0.003 -15"><span class='ocrx_word' id='word_1_254' title='bbox 147 3105 316 3172; x_wconf 84' lang='lat' dir='ltr'>gastriorum</span> <span class='ocrx_word' id='word_1_255' title='bbox 337 3103 485 3160; x_wconf 85' lang='lat' dir='ltr'>subnuilis.</span> 
     </span>
    </p>
   </div>
   <div class='ocr_carea' id='block_1_7' title="bbox 145 3237 1293 4146">
    <p class='ocr_par' dir='ltr' id='par_1_10' title="bbox 372 3237 1067 3316">
     <span class='ocr_line' id='line_1_31' title="bbox 372 3237 1067 3316; baseline -0.01 -16"><span class='ocrx_word' id='word_1_256' title='bbox 372 3248 417 3300; x_wconf 81' lang='lat'>³6.</span> <span class='ocrx_word' id='word_1_257' title='bbox 455 3242 651 3316; x_wconf 69' lang='lat' dir='ltr'>nejamsa</span> <span class='ocrx_word' id='word_1_258' title='bbox 669 3243 856 3298; x_wconf 74' lang='lat' dir='ltr'>tos-tunsus</span> <span class='ocrx_word' id='word_1_259' title='bbox 877 3241 910 3295; x_wconf 82' lang='lat' dir='ltr'>L.</span> <span class='ocrx_word' id='word_1_260' title='bbox 930 3245 959 3294; x_wconf 85' lang='lat' dir='ltr'>et</span> <span class='ocrx_word' id='word_1_261' title='bbox 976 3237 1067 3309; x_wconf 84' lang='lat' dir='ltr'>Ldbg.</span> 
     </span>
    </p>

    <p class='ocr_par' dir='ltr' id='par_1_11' title="bbox 146 3345 1293 3691">
     <span class='ocr_line' id='line_1_32' title="bbox 219 3345 1293 3423; baseline -0.011 -15"><span class='ocrx_word' id='word_1_262' title='bbox 219 3355 252 3408; x_wconf 86' lang='lat' dir='ltr'>L.</span> <span class='ocrx_word' id='word_1_263' title='bbox 280 3353 351 3408; x_wconf 78' lang='lat' dir='ltr'>cosle</span> <span class='ocrx_word' id='word_1_264' title='bbox 375 3361 477 3423; x_wconf 76' lang='lat' dir='ltr'>repente</span> <span class='ocrx_word' id='word_1_265' title='bbox 492 3349 607 3422; x_wconf 77' lang='lat' dir='ltr'>flaccido</span> <span class='ocrx_word' id='word_1_266' title='bbox 631 3367 750 3412; x_wconf 81' lang='lat' dir='ltr'>rumoso,</span> <span class='ocrx_word' id='word_1_267' title='bbox 765 3348 846 3418; x_wconf 82' lang='lat' dir='ltr'>foliis</span> <span class='ocrx_word' id='word_1_268' title='bbox 869 3346 1063 3402; x_wconf 78' lang='lat' dir='ltr'>subimbriestis</span> <span class='ocrx_word' id='word_1_269' title='bbox 1086 3345 1187 3417; x_wconf 78' lang='lat' dir='ltr'>odiique</span> <span class='ocrx_word' id='word_1_270' title='bbox 1211 3345 1293 3398; x_wconf 84' lang='lat' dir='ltr'>ocutis</span> 
     </span>
     <span class='ocr_line' id='line_1_33' title="bbox 146 3431 1293 3513; baseline -0.007 -19"><span class='ocrx_word' id='word_1_271' title='bbox 146 3441 272 3512; x_wconf 66' lang='lat' dir='ltr'>abnuatis</span> <span class='ocrx_word' id='word_1_272' title='bbox 288 3441 550 3513; x_wconf 63' lang='lat' dir='ltr'>suminio-flexuosis</span> <span class='ocrx_word' id='word_1_273' title='bbox 567 3438 664 3494; x_wconf 71' lang='lat' dir='ltr'>obtusis</span> <span class='ocrx_word' id='word_1_274' title='bbox 680 3437 944 3511; x_wconf 70' lang='lat' dir='ltr'>epineton-densatis</span> <span class='ocrx_word' id='word_1_275' title='bbox 961 3435 1017 3490; x_wconf 83' lang='lat' dir='ltr'>bosi</span> <span class='ocrx_word' id='word_1_276' title='bbox 1034 3433 1194 3506; x_wconf 76' lang='lat' dir='ltr'>complicatis</span> <span class='ocrx_word' id='word_1_277' title='bbox 1211 3431 1293 3486; x_wconf 80' lang='lat' dir='ltr'>lobuio</span> 
     </span>
     <span class='ocr_line' id='line_1_34' title="bbox 147 3522 1292 3603; baseline -0.007 -18"><span class='ocrx_word' id='word_1_278' title='bbox 147 3531 238 3603; x_wconf 71' lang='lat' dir='ltr'>instato</span> <span class='ocrx_word' id='word_1_279' title='bbox 255 3534 375 3596; x_wconf 63' lang='lat' dir='ltr'>destatm</span> <span class='ocrx_word' id='word_1_280' title='bbox 400 3529 597 3600; x_wconf 72' lang='lat' dir='ltr'>usnpbigastris&#39;s</span> <span class='ocrx_word' id='word_1_281' title='bbox 614 3525 805 3582; x_wconf 78' lang='lat' dir='ltr'>remotiusculis</span> <span class='ocrx_word' id='word_1_282' title='bbox 824 3525 917 3597; x_wconf 81' lang='lat' dir='ltr'>parnis</span> <span class='ocrx_word' id='word_1_283' title='bbox 940 3522 1093 3580; x_wconf 76' lang='lat' dir='ltr'>orbiculatis</span> <span class='ocrx_word' id='word_1_284' title='bbox 1117 3534 1170 3578; x_wconf 88' lang='lat' dir='ltr'>toto</span> <span class='ocrx_word' id='word_1_285' title='bbox 1193 3523 1292 3578; x_wconf 71' lang='lat' dir='ltr'>nabitu</span> 
     </span>
     <span class='ocr_line' id='line_1_35' title="bbox 146 3612 973 3691; baseline -0.011 -16"><span class='ocrx_word' id='word_1_286' title='bbox 146 3619 321 3684; x_wconf 75' lang='lat' dir='ltr'>denticulatis,</span> <span class='ocrx_word' id='word_1_287' title='bbox 332 3619 432 3691; x_wconf 75' lang='lat' dir='ltr'>fluctu</span> <span class='ocrx_word' id='word_1_288' title='bbox 451 3658 457 3672; x_wconf 92' lang='lat'><em>.</em></span> <span class='ocrx_word' id='word_1_289' title='bbox 479 3657 485 3672; x_wconf 89' lang='lat'><strong>.</strong></span> <span class='ocrx_word' id='word_1_290' title='bbox 507 3657 513 3672; x_wconf 92' lang='lat'>.</span> <span class='ocrx_word' id='word_1_291' title='bbox 552 3612 908 3686; x_wconf 80' lang='lat' dir='ltr'>Gottsobslems.Lej.11.</span> <span class='ocrx_word' id='word_1_292' title='bbox 931 3617 973 3668; x_wconf 81' lang='grc'>14.</span> 
     </span>
    </p>

    <p class='ocr_par' dir='ltr' id='par_1_12' title="bbox 290 3699 1291 3776">
     <span class='ocr_line' id='line_1_36' title="bbox 290 3699 1291 3776; baseline -0.009 -16"><span class='ocrx_word' id='word_1_293' title='bbox 290 3711 493 3776; x_wconf 81' lang='lat' dir='ltr'>iungermuuuis</span> <span class='ocrx_word' id='word_1_294' title='bbox 514 3722 628 3759; x_wconf 82' lang='lat' dir='ltr'>tortuosa</span> <span class='ocrx_word' id='word_1_295' title='bbox 648 3705 682 3758; x_wconf 86' lang='grc'>1..</span> <span class='ocrx_word' id='word_1_296' title='bbox 693 3713 720 3759; x_wconf 79' lang='lat' dir='ltr'>et</span> <span class='ocrx_word' id='word_1_297' title='bbox 729 3704 780 3773; x_wconf 73' lang='lat' dir='ltr'>Lg.</span> <span class='ocrx_word' id='word_1_298' title='bbox 791 3705 820 3756; x_wconf 82' lang='lat' dir='ltr'>s&#39;n</span> <span class='ocrx_word' id='word_1_299' title='bbox 831 3702 922 3756; x_wconf 80' lang='lat' dir='ltr'>Leim.</span> <span class='ocrx_word' id='word_1_300' title='bbox 931 3701 1003 3771; x_wconf 77' lang='lat' dir='ltr'>Pug.</span> <span class='ocrx_word' id='word_1_301' title='bbox 1010 3700 1051 3773; x_wconf 80' lang='lat' dir='ltr'>pl.</span> <span class='ocrx_word' id='word_1_302' title='bbox 1063 3699 1116 3756; x_wconf 82' lang='lat' dir='ltr'>lv.</span> <span class='ocrx_word' id='word_1_303' title='bbox 1123 3703 1204 3771; x_wconf 70' lang='lat' dir='ltr'>put).</span> <span class='ocrx_word' id='word_1_304' title='bbox 1212 3719 1238 3752; x_wconf 88' lang='lat' dir='ltr'>n.</span> <span class='ocrx_word' id='word_1_305' title='bbox 1250 3703 1291 3753; x_wconf 78' lang='lat'>17.</span> 
     </span>
    </p>

    <p class='ocr_par' dir='ltr' id='par_1_13' title="bbox 202 3797 466 3863">
     <span class='ocr_line' id='line_1_37' title="bbox 202 3797 466 3863; baseline -0.027 -10"><span class='ocrx_word' id='word_1_306' title='bbox 202 3801 230 3862; x_wconf 80' lang='grc' dir='ltr'>β,</span> <span class='ocrx_word' id='word_1_307' title='bbox 249 3797 350 3863; x_wconf 60' lang='lat' dir='ltr'>vindis,</span> <span class='ocrx_word' id='word_1_308' title='bbox 370 3801 466 3850; x_wconf 87' lang='lat' dir='ltr'>minor.</span> 
     </span>
    </p>

    <p class='ocr_par' dir='ltr' id='par_1_14' title="bbox 355 3878 981 3952">
     <span class='ocr_line' id='line_1_38' title="bbox 355 3878 981 3952; baseline -0.01 -14"><span class='ocrx_word' id='word_1_309' title='bbox 355 3887 558 3952; x_wconf 85' lang='lat' dir='ltr'>Jungsrmsnnis</span> <span class='ocrx_word' id='word_1_310' title='bbox 577 3882 775 3952; x_wconf 79' lang='lat' dir='ltr'>phyllogeuides</span> <span class='ocrx_word' id='word_1_311' title='bbox 794 3879 876 3936; x_wconf 65' lang='lat' dir='ltr'>Boiu.</span> <span class='ocrx_word' id='word_1_312' title='bbox 896 3878 981 3934; x_wconf 68' lang='lat' dir='ltr'>Heri.</span> 
     </span>
    </p>

    <p class='ocr_par' dir='ltr' id='par_1_15' title="bbox 217 3985 1289 4056">
     <span class='ocr_line' id='line_1_39' title="bbox 217 3985 1289 4056; baseline -0.009 -8"><span class='ocrx_word' id='word_1_313' title='bbox 217 3993 338 4048; x_wconf 79' lang='lat' dir='ltr'>Habitat</span> <span class='ocrx_word' id='word_1_314' title='bbox 356 4007 417 4046; x_wconf 81' lang='lat' dir='ltr'>rar.</span> <span class='ocrx_word' id='word_1_315' title='bbox 435 4009 453 4042; x_wconf 85' lang='lat' dir='ltr'>e</span> <span class='ocrx_word' id='word_1_316' title='bbox 471 3990 500 4043; x_wconf 90' lang='lat' dir='ltr'>iu</span> <span class='ocrx_word' id='word_1_317' title='bbox 511 3987 736 4043; x_wconf 78' lang='lat' dir='ltr'>OuareAirioaa</span> <span class='ocrx_word' id='word_1_318' title='bbox 753 3985 938 4042; x_wconf 83' lang='lat' dir='ltr'>occidentalis</span> <span class='ocrx_word' id='word_1_319' title='bbox 949 3985 1144 4056; x_wconf 77' lang='lat' dir='ltr'>(Hb.bdbg.).</span> <span class='ocrx_word' id='word_1_320' title='bbox 1181 3985 1250 4040; x_wconf 82' lang='lat' dir='ltr'>Ver.</span> <span class='ocrx_word' id='word_1_321' title='bbox 1263 3989 1289 4050; x_wconf 79' lang='grc' dir='ltr'>β,</span> 
     </span>
    </p>

    <p class='ocr_par' dir='ltr' id='par_1_16' title="bbox 145 4073 1289 4146">
     <span class='ocr_line' id='line_1_40' title="bbox 145 4073 1289 4146; baseline -0.006 -11"><span class='ocrx_word' id='word_1_322' title='bbox 145 4083 251 4146; x_wconf 81' lang='lat' dir='ltr'>uiridis,</span> <span class='ocrx_word' id='word_1_323' title='bbox 281 4081 311 4136; x_wconf 92' lang='lat' dir='ltr'>iu</span> <span class='ocrx_word' id='word_1_324' title='bbox 337 4081 403 4136; x_wconf 82' lang='lat' dir='ltr'>iniio</span> <span class='ocrx_word' id='word_1_325' title='bbox 428 4079 501 4135; x_wconf 71' lang='lat' dir='ltr'>citri</span> <span class='ocrx_word' id='word_1_326' title='bbox 519 4079 668 4143; x_wconf 75' lang='lat' dir='ltr'>Auo-usstis‘,</span> <span class='ocrx_word' id='word_1_327' title='bbox 692 4093 709 4131; x_wconf 89' lang='lat' dir='ltr'>n</span> <span class='ocrx_word' id='word_1_328' title='bbox 735 4075 883 4131; x_wconf 87' lang='lat' dir='ltr'>Portorioo</span> <span class='ocrx_word' id='word_1_329' title='bbox 907 4091 923 4130; x_wconf 90' lang='lat' dir='ltr'>a</span> <span class='ocrx_word' id='word_1_330' title='bbox 944 4073 1072 4130; x_wconf 85' lang='lat' dir='ltr'>Bsibisiu</span> <span class='ocrx_word' id='word_1_331' title='bbox 1097 4075 1150 4130; x_wconf 87' lang='lat' dir='ltr'>sub</span> <span class='ocrx_word' id='word_1_332' title='bbox 1176 4074 1289 4130; x_wconf 86' lang='lat' dir='ltr'>nomine</span> 
     </span>
    </p>
   </div>
   <div class='ocr_carea' id='block_1_8' title="bbox 144 4165 1288 4507">
    <p class='ocr_par' dir='ltr' id='par_1_17' title="bbox 145 4165 793 4241">
     <span class='ocr_line' id='line_1_41' title="bbox 145 4165 793 4241; baseline -0.011 -16"><span class='ocrx_word' id='word_1_333' title='bbox 145 4171 280 4240; x_wconf 71' lang='lat' dir='ltr'>anrgerm.</span> <span class='ocrx_word' id='word_1_334' title='bbox 298 4173 439 4241; x_wconf 75' lang='lat' dir='ltr'>saginatae</span> <span class='ocrx_word' id='word_1_335' title='bbox 457 4169 553 4224; x_wconf 83' lang='lat' dir='ltr'>adlata</span> <span class='ocrx_word' id='word_1_336' title='bbox 571 4167 642 4236; x_wconf 82' lang='lat' dir='ltr'>(Hb.</span> <span class='ocrx_word' id='word_1_337' title='bbox 665 4165 793 4234; x_wconf 72' lang='lat' dir='ltr'>aridei).</span> 
     </span>
    </p>

    <p class='ocr_par' dir='ltr' id='par_1_18' title="bbox 144 4247 1288 4507">
     <span class='ocr_line' id='line_1_42' title="bbox 215 4247 1286 4327; baseline -0.012 -14"><span class='ocrx_word' id='word_1_338' title='bbox 215 4259 313 4313; x_wconf 84' lang='lat' dir='ltr'>Cauiis</span> <span class='ocrx_word' id='word_1_339' title='bbox 332 4257 469 4324; x_wconf 78' lang='lat' dir='ltr'>uncialis,</span> <span class='ocrx_word' id='word_1_340' title='bbox 487 4256 693 4327; x_wconf 81' lang='lat' dir='ltr'>procumbens,</span> <span class='ocrx_word' id='word_1_341' title='bbox 711 4251 861 4319; x_wconf 84' lang='lat' dir='ltr'>flaccidos,</span> <span class='ocrx_word' id='word_1_342' title='bbox 880 4247 989 4306; x_wconf 78' lang='lat' dir='ltr'>ibriiiis</span> <span class='ocrx_word' id='word_1_343' title='bbox 1009 4249 1183 4306; x_wconf 76' lang='lat' dir='ltr'>brevissimis</span> <span class='ocrx_word' id='word_1_344' title='bbox 1200 4263 1286 4318; x_wconf 88' lang='lat' dir='ltr'>spou-</span> 
     </span>
     <span class='ocr_line' id='line_1_43' title="bbox 144 4336 1288 4416; baseline -0.012 -12"><span class='ocrx_word' id='word_1_345' title='bbox 144 4339 226 4416; x_wconf 82' lang='lat' dir='ltr'>gioiis</span> <span class='ocrx_word' id='word_1_346' title='bbox 245 4349 375 4404; x_wconf 82' lang='lat' dir='ltr'>suasoriis</span> <span class='ocrx_word' id='word_1_347' title='bbox 395 4348 529 4405; x_wconf 71' lang='lat' dir='ltr'>subieritis</span> <span class='ocrx_word' id='word_1_348' title='bbox 547 4353 638 4402; x_wconf 81' lang='lat' dir='ltr'>terrae</span> <span class='ocrx_word' id='word_1_349' title='bbox 657 4346 701 4398; x_wconf 84' lang='lat' dir='ltr'>vei</span> <span class='ocrx_word' id='word_1_350' title='bbox 715 4343 821 4398; x_wconf 81' lang='lat' dir='ltr'>muscis</span> <span class='ocrx_word' id='word_1_351' title='bbox 834 4341 1002 4406; x_wconf 83' lang='lat' dir='ltr'>adhaerens,</span> <span class='ocrx_word' id='word_1_352' title='bbox 1021 4340 1137 4396; x_wconf 86' lang='lat' dir='ltr'>ramuiis</span> <span class='ocrx_word' id='word_1_353' title='bbox 1148 4336 1288 4393; x_wconf 77' lang='lat' dir='ltr'>nonnuliis</span> 
     </span>
     <span class='ocr_line' id='line_1_44' title="bbox 145 4425 1288 4507; baseline -0.011 -16"><span class='ocrx_word' id='word_1_354' title='bbox 145 4438 280 4492; x_wconf 84' lang='lat' dir='ltr'>breuibus</span> <span class='ocrx_word' id='word_1_355' title='bbox 292 4439 448 4507; x_wconf 85' lang='lat' dir='ltr'>praeditus,</span> <span class='ocrx_word' id='word_1_356' title='bbox 468 4437 574 4492; x_wconf 76' lang='lat' dir='ltr'>fuscus.</span> <span class='ocrx_word' id='word_1_357' title='bbox 609 4433 830 4489; x_wconf 83' lang='lat' dir='ltr'>Foliuinieriora</span> <span class='ocrx_word' id='word_1_358' title='bbox 844 4432 962 4496; x_wconf 82' lang='lat' dir='ltr'>minora,</span> <span class='ocrx_word' id='word_1_359' title='bbox 981 4429 1126 4492; x_wconf 88' lang='lat' dir='ltr'>distantia,</span> <span class='ocrx_word' id='word_1_360' title='bbox 1143 4425 1288 4494; x_wconf 82' lang='lat' dir='ltr'>superiora</span> 
     </span>
    </p>
   </div>
   <div class='ocr_carea' id='block_1_9' title="bbox 145 4513 1284 4595">
    <p class='ocr_par' dir='ltr' id='par_1_19' title="bbox 145 4513 1284 4595">
     <span class='ocr_line' id='line_1_45' title="bbox 145 4513 1284 4595; baseline -0.012 -14"><span class='ocrx_word' id='word_1_361' title='bbox 145 4531 220 4582; x_wconf 79' lang='lat' dir='ltr'>arete</span> <span class='ocrx_word' id='word_1_362' title='bbox 240 4523 404 4595; x_wconf 82' lang='lat' dir='ltr'>imbricata,</span> <span class='ocrx_word' id='word_1_363' title='bbox 423 4525 656 4592; x_wconf 87' lang='lat' dir='ltr'>semirertioaiio,</span> <span class='ocrx_word' id='word_1_364' title='bbox 676 4523 789 4594; x_wconf 87' lang='lat' dir='ltr'>obiique</span> <span class='ocrx_word' id='word_1_365' title='bbox 808 4529 908 4588; x_wconf 74' lang='lat' dir='ltr'>ovam,</span> <span class='ocrx_word' id='word_1_366' title='bbox 933 4521 1076 4586; x_wconf 82' lang='lat' dir='ltr'>flexuosa,</span> <span class='ocrx_word' id='word_1_367' title='bbox 1104 4529 1200 4582; x_wconf 80' lang='lat' dir='ltr'>margo</span> <span class='ocrx_word' id='word_1_368' title='bbox 1218 4513 1284 4568; x_wconf 89' lang='lat' dir='ltr'>dor-</span> 
     </span>
    </p>
   </div>
   <div class='ocr_carea' id='block_1_10' title="bbox 0 0 1575 5112">
    <p class='ocr_par' dir='ltr' id='par_1_20' title="bbox 0 0 1575 5112">
     <span class='ocr_line' id='line_1_46' title="bbox 0 0 1575 5112; baseline 0 0"><span class='ocrx_word' id='word_1_369' title='bbox 0 0 1575 5112; x_wconf 95' lang='lat' dir='ltr'> </span> 
     </span>
    </p>
   </div>
  </div>
 </body>
</html>
