3108 5080
259 383 313 434 152
736 381 923 452 Lopbucoles.

327 549 425 604 Cauiis
450 558 626 620 prostrstos,
654 567 807 621 repenses,
837 551 1030 616 laxiusculus,
1066 553 1402 620 diversum-ramosus.

255 638 335 693 Folia
361 641 501 704 succubo,
533 641 674 710 plerisque
698 640 953 706 subhorlzontrrlis,
985 641 1085 710 paucis
1110 642 1342 704 semivestioalis,
1372 647 1401 697 is

254 728 339 782 dorso
357 731 446 785 caulis
466 729 541 783 lines
559 729 673 798 oblique
693 729 887 794 decurrentia,
911 731 992 798 apice
1011 731 1176 800 plerumque
1194 731 1222 784 bi
1234 731 1401 800 -plurideu-

253 823 328 880 tata,
352 819 494 874 molliret
512 827 619 882 tenera,
639 817 705 872 retis
723 819 841 872 maculis
860 819 1000 886 contiguis
1018 818 1113 887 parvis
1131 819 1288 888 pellucidis.
1327 821 1401 874 Arn-

253 905 409 973 phigsstrie
426 907 455 960 in
474 906 613 972 omuibus,
630 907 703 962 loliis
721 907 871 971 teneriora,
891 906 1063 976 bi·plurilida
1084 907 1192 961 laciniis
1204 925 1289 976 saepe
1301 909 1400 964 incisis

326 1083 445 1137 Plantae
463 1085 619 1139 mediocres
638 1090 688 1138 sut
705 1086 933 1153 grandiusculae,
952 1085 1070 1151 muscis,
1090 1093 1219 1139 terraeve
1237 1086 1332 1142 nudae
1349 1087 1397 1140 in·

255 1177 420 1236 nascentes,
441 1172 507 1226 lsrre
530 1173 724 1241 caespitosae,
743 1176 773 1227 in
793 1173 869 1229 sicco
888 1181 963 1228 stetu
983 1189 1082 1228 omnes
1103 1172 1235 1242 pallidae.
1264 1173 1400 1228 Omnium

253 1259 322 1312 odor
341 1259 534 1326 grauissimus,
554 1261 577 1314 si
597 1261 803 1317 humectantur.

326 1349 425 1403 Genus
443 1365 494 1418 per
512 1351 610 1404 orbem
636 1352 693 1404 late
712 1367 857 1420 sparsum,
883 1351 965 1404 cuius
983 1349 1093 1420 species
1110 1352 1270 1412 seorsim,
1292 1349 1401 1418 qnippe

253 1435 462 1504 emphigastriis
486 1453 549 1492 cnm
576 1439 650 1493 loliis
673 1441 810 1494 connexis
833 1439 990 1508 praeditas,
1027 1437 1176 1493 duodecim
1205 1443 1313 1491 tentum
1345 1453 1396 1490 oo·

245 1516 400 1590 'genuimus
426 1529 561 1597 nouisque
578 1527 760 1582 calidioribus
780 1528 946 1596 adscriptas.
990 1529 1063 1582 Sunt
1082 1534 1174 1582 sutem
1198 1527 1270 1581 inter
1287 1526 1400 1595 species

253 1613 412 1670 adhucdum
431 1617 560 1684 cognitas
587 1621 624 1671 32
643 1617 808 1685 Europaeae
829 1621 878 1681 ro,
897 1616 1010 1670 Africae
1028 1616 1170 1670 calidioris
1194 1613 1399 1682 (Promontorii

256 1701 352 1756 Bonae
372 1703 453 1773 Spei)
478 1713 506 1760 et
524 1705 695 1770 Abyssinise
713 1707 823 1761 incolae
849 1711 882 1771 4,
910 1705 995 1758 Asiae
1022 1704 1166 1758 calidioris
1191 1708 1226 1768 4,
1249 1699 1399 1755 Amerioae

252 1792 478 1856 septentrionalis
497 1794 629 1863 propriae
649 1794 742 1848 nullae
758 1794 808 1849 sed
827 1809 989 1849 communes
1003 1793 1151 1847 Americae
1169 1787 1400 1860 septentrionalis

254 1883 283 1927 et
294 1876 426 1946 Europae
444 1881 529 1948 duae,
549 1883 696 1938 American
715 1883 859 1938 calidioris
882 1887 923 1947 tt),
944 1881 1043 1936 Nosse
1063 1880 1233 1936 Hollandiae
1249 1885 1276 1944 3,
1298 1879 1400 1932 ΝΟΜ

255 1963 425 2022 Zeelandiae
446 1975 471 2038 1,
492 1972 522 2026 in
542 1973 645 2027 Insulis
668 1973 909 2027 Sandvioensibus
931 1974 955 2035 l,
973 1969 1084 2024 Owaibi
1102 1968 1211 2022 insulae
1233 1973 1255 2021 l.
1293 1967 1398 2038 Lopho-

253 2054 322 2108 colea
340 2054 473 2113 bideatsto
498 2067 526 2116 et
550 2061 578 2116 in
601 2063 715 2131 Europa
742 2069 770 2116 et
796 2061 824 2115 in
850 2059 980 2114 Amerina
1006 2057 1216 2127 septentrionali
1240 2056 1398 2125 eademque

254 2142 338 2197 etism
357 2143 386 2199 iu
405 2147 479 2204 iasa
499 2150 590 2205 insola
609 2149 718 2205 crescit.

490 2275 511 2348 ᾖ.
534 2283 557 2330 l.
596 2274 808 2348 Amphipcstris's
826 2276 854 2328 r'rr
864 2272 937 2341 folin
956 2271 1163 2326 decurrentibus.

625 2381 652 2430 ss,
671 2379 782 2432 utroque
801 2367 880 2415 latere
901 2362 1026 2413 connatis.

474 2475 496 2525 1.
533 2472 780 2540 Βορὴοοοιοα
797 2471 1011 2526 Morttsnsn
1031 2469 1066 2522 N.
1085 2470 1121 2523 ab
1142 2469 1174 2520 B.

328 2573 360 2626 L.
385 2575 457 2631 cocle
480 2587 586 2650 repente
610 2595 673 2648 cape
697 2593 813 2639 ramme,
829 2575 911 2646 foliis
934 2576 1053 2630 distichis
1076 2573 1285 2629 horizoatolr'brss
1309 2583 1396 2626 orato·

253 2663 390 2729 quadratis
407 2665 742 2736 maminoto-bidentat&
760 2682 811 2735 prr
830 2665 909 2734 paria
934 2683 993 2719 oum
1016 2663 1213 2736 amphipostra'r's
1232 2662 1395 2732 bi·qsndr·i-

253 2743 351 2812 (etium
370 2755 434 2822 ser)
452 2784 464 2794 -
474 2756 544 2827 fidis
562 2756 695 2820 manns,
716 2753 865 2826 periarrthio
885 2754 1040 2824 primatieo
1063 2752 1168 2822 capulis
1191 2751 1398 2822 napum-alato

252 2853 297 2889 ore
322 2845 570 2910 serrato-dentato,
603 2845 683 2915 soliis
707 2841 912 2896 involucrulidrss
940 2841 1097 2912 inspice-ibus
1132 2841 1251 2910 mar-piae
1284 2839 1398 2892 neutrali

254 2923 320 2979 3-4
338 2930 457 2986 dentibru
474 2932 617 2988 maioribus
634 2931 754 2994 munitis,
770 2929 960 3001 amphipnstm'o
977 2931 1095 3003 rnlyeisrc
1113 2930 1289 3000 subquadrsto
1302 2928 1395 3000 pluri·

253 3014 358 3070 dentato
375 3019 457 3076 altius
479 3031 598 3076 conante.

396 3112 598 3178 Jungermsuuia
624 3125 732 3164 connata
764 3109 800 3162 N.
819 3107 852 3161 nd
871 3107 908 3161 Ε.
937 3107 970 3164 ia
992 3107 1076 3160 Mart.
1106 3105 1182 3160 Flor.
1207 3105 1288 3158 Brut.
1318 3103 1342 3157 Ι.
1374 3109 1397 3156 Ι.

458 3199 489 3324 [ἕ
506 3185 656 3308 ἓὲ2ι33137.
666 3199 696 3324 r}
715 3183 759 3306 ὲΙ.
797 3179 920 3234 Martius
939 3175 1107 3233 Icumselect.
1124 3186 1211 3250 appi.
1229 3173 1398 3246 (esebsym)

395 3344 597 3410 iungermsnuis
616 3343 737 3410 parallelo
758 3339 891 3394 Met'rstter
908 3339 938 3391 ἐκ
954 3337 1039 3391 selred.

309 3423 336 3492 β,
354 3429 491 3498 spinosior,
518 3432 585 3481 loliis
611 3431 812 3482 involucralibus
839 3431 956 3494 nmrgine
981 3427 1078 3477 dorsali
1106 3425 1187 3478 tribus
1212 3423 1333 3475 dentibus
1352 3441 1398 3472 or·

361 3522 438 3584 uatis3
457 3535 546 3585 margo
567 3519 690 3570 centralis
710 3535 791 3585 usque
809 3517 842 3567 sd
863 3529 982 3583 quartum
1002 3532 1049 3583 par
1069 3515 1192 3565 soliorum
1213 3511 1399 3563 serrato-den-

362 3619 436 3657 tatus.
472 3607 571 3658 Dentes
591 3608 836 3675 amphigsstriorum
855 3605 1020 3672 superiorum
1039 3605 1135 3671 magni,
1154 3600 1239 3652 relidi.

462 3693 587 3748 Gottsrire
606 3693 681 3748 Iron.
703 3693 774 3765 Hsp.
793 3693 885 3746 incdit.

313 3797 342 3844 γ,
358 3781 542 3852 fluminea-ris,
561 3786 631 3835 foliis
651 3783 852 3834 involucralibus
872 3779 1032 3839 minorihus,
1065 3777 1181 3844 margine
1211 3775 1305 3825 dorreti
1331 3775 1399 3826 den-

361 3871 430 3921 tibus
454 3874 538 3941 parvis
566 3873 666 3923 obtusis
683 3889 764 3940 paene
791 3871 915 3919 obsoletis
934 3865 1071 3935 praeditis,
1090 3865 1278 3932 amphigsstriis
1299 3865 1399 3929 msgnis

360 3962 454 4027 patulis
485 3964 603 4028 margine
634 3961 756 4011 recurvis.
822 3961 919 4009 Dentes
952 3955 1196 4022 amphigsstriorum
1233 3955 1399 4019 superiorum

358 4051 444 4115 parvi,
470 4050 590 4101 subtristi.

324 4135 446 4190 Habitat
463 4137 603 4190 terrestris
627 4136 656 4188 in
682 4134 824 4188 umbrosis
844 4131 880 4185 ad
899 4131 1000 4184 flumen
1020 4129 1195 4183 Amazonum
1215 4135 1244 4180 et
1262 4126 1290 4180 in
1312 4125 1399 4179 Minis

254 4224 450 4289 generalibus:
479 4225 515 4279 ad
535 4224 734 4279 Mandiocoam
759 4223 788 4276 in
810 4223 893 4276 Serra
920 4220 971 4272 dos
999 4217 1111 4288 Orgads
1136 4224 1165 4270 et
1189 4215 1224 4270 ad
1253 4217 1294 4269 St.
1314 4215 1399 4268 ioan.

254 4312 385 4382 Baptista
409 4313 537 4382 (Sellow,
564 4311 711 4380 Martius);
746 4312 775 4366 in
802 4310 901 4366 luscis
927 4307 1080 4362 Martinioa
1106 4304 1261 4376 (Meissner
1285 4305 1314 4358 in
1342 4305 1399 4358 Hb.

252 4399 343 4468 Ldbg.
364 4418 390 4455 n.
411 4403 458 4470 13)
477 4401 505 4455 in
526 4401 584 4456 Ins.
603 4400 750 4456 Trinitatis
769 4399 899 4467 (Krliger
911 4397 939 4452 iu
951 4397 1008 4451 Hb.
1028 4394 1258 4460 Gottscbel-9,
1277 4393 1306 4447 in
1325 4394 1396 4446 Bra-

255 4489 463 4560 silie(ileyrich
474 4490 503 4544 in
515 4489 573 4546 Hb.
583 4489 627 4561 L.)
641 4519 676 4530 -·
692 4505 721 4556 γ,
741 4487 817 4558 apud
829 4487 882 4542 itio
892 4487 1008 4542 iaueiro
1028 4487 1074 4554 (ex
1085 4485 1143 4539 Hb.
1158 4483 1214 4537 itt.
1230 4482 1259 4535 in
1272 4481 1329 4536 Hb.
1346 4481 1397 4548 N.)
