3112 5092
636 409 782 480 lelmnla.
898 351 902 360 1
1234 413 1290 468 edd

143 579 258 651 amnes)
277 580 307 636 ln
326 579 408 649 apice
426 579 556 636 loliorum
566 587 599 636 ut
612 579 715 650 dlgltos
728 593 830 634 manus
845 581 1094 650 pruniceum.-
1108 581 1290 640 stnitttnum

142 675 249 728 statum
273 670 389 727 invenio
411 669 441 724 ln
460 669 535 726 lollls
562 670 704 742 &umiae
719 667 896 735 cutmulutue,
927 670 975 726 nti
1004 671 1073 727 lulla
1102 673 1287 728 eroso-den-

143 758 262 816 ticulata
280 759 330 826 (an
349 762 494 829 semperl)
512 759 655 815 dicantar.
692 759 769 825 Quid
794 759 848 814 sibl
873 761 934 816 rull
956 761 1003 816 hie
1025 767 1116 819 statas
1133 761 1289 831 mirabllis;

143 857 274 920 potestne
292 848 450 918 comparari
463 865 527 903 eum
546 847 657 903 cellulis
676 849 741 916 illie,
759 865 833 920 quae
846 850 1024 920 reperiuntur
1042 851 1071 906 in
1091 851 1202 908 Radalo
1219 871 1290 909 rom-

223 941 269 993 lu?

137 937 322 1082 rmum
346 1025 431 1080 etiam
451 1022 579 1090 ridetur,
609 1027 684 1098 quod
715 1027 947 1098 ampligastrium
977 1027 1150 1085 involuerale
1178 1047 1290 1100 semper

145 1114 236 1181 adsit,
269 1113 378 1184 reliqua
409 1122 504 1168 tamen
533 1114 737 1171 desiderentur.
785 1115 904 1172 Invenio
931 1117 960 1172 iu
989 1133 1102 1190 quoque
1128 1119 1290 1177 internodio

144 1202 266 1258 torululn
289 1202 333 1270 (nt
358 1202 398 1257 lta
422 1202 525 1272 diuam)
551 1203 687 1259 radiculis
713 1205 915 1274 compositum,
943 1222 1035 1276 neque
1053 1223 1120 1263 vero
1139 1209 1287 1279 amptiga-

144 1293 243 1350 atrium
262 1293 359 1350 vidue
374 1310 497 1364 possum.
511 1321 546 1336 ·-
561 1293 704 1348 Foliorum
723 1293 836 1350 lobulus
852 1295 967 1366 saepius
985 1295 1177 1353 uuidentatus.
1214 1297 1289 1354 Illud

144 1381 247 1451 ,‚stylo
258 1386 390 1438 exserto“
410 1383 576 1453 Montagnei
589 1389 698 1438 tanturn
717 1381 746 1438 ln
762 1383 921 1440 iunioribus
934 1383 977 1440 rel
991 1383 1075 1440 modo
1085 1377 1289 1456 incipientibus
1382 1447 1384 1450 ,

144 1471 310 1542 perianthiir
329 1472 511 1542 conspicitur,
529 1473 559 1527 iu
579 1473 683 1528 adultis
701 1475 790 1543 stylus
809 1489 930 1543 semper,
955 1473 1035 1529 utin
1055 1475 1117 1530 aliis
1137 1475 1290 1547 Lcjeuniis,

143 1559 280 1616 luciosus.
291 1591 327 1602 -
339 1561 532 1616 Periantlrium
550 1563 648 1618 iunius
667 1562 810 1619 lubentius
828 1563 1072 1634 quinquangulare
1086 1565 1290 1636 describerem

144 1652 288 1718 adultum,
307 1651 382 1724 quod
401 1653 533 1722 depinxi,
553 1661 646 1708 restas
665 1655 746 1708 binas
764 1653 923 1719 ventrales,
945 1653 1022 1708 uude
1040 1661 1231 1724 pentagonum
1249 1658 1289 1722 lit,

144 1739 225 1812 quasi
245 1740 377 1796 contusas
396 1741 424 1795 in
444 1743 557 1796 unicam
576 1743 700 1797 carinam
720 1741 850 1798 olstusaur
870 1744 1054 1798 monstrabat.

275 1883 299 1950 ς.
317 1885 345 1936 8.
384 1879 567 1936 Commta.
604 1881 696 1951 calyx
716 1882 798 1952 apice
815 1883 881 1952 plus
900 1883 993 1937 micus
1011 1889 1156 1938 cornutas.

189 1993 193 2000 '
217 1986 502 2043 Ceralantlracearum
516 1989 622 2044 tamilla
642 1989 892 2060 lormaperianthii
911 1989 1029 2059 insignis
1049 1989 1131 2044 lacile
1150 1993 1180 2044 et
1197 1989 1290 2047 colore

145 2074 323 2130 sumomonte
341 2083 370 2131 et
389 2077 486 2131 habitu
505 2079 633 2134 loliorum
653 2079 734 2147 apice
753 2079 918 2148 plerumque
933 2078 1121 2144 dentatorum,
1140 2084 1169 2132 et
1187 2079 1289 2136 lolrulis

145 2165 255 2234 magnis
278 2166 476 2221 recilormibus
504 2168 605 2222 erebro
630 2168 657 2221 ln
681 2183 716 2221 ea
742 2167 956 2222 occurrentibus
972 2167 1165 2236 cognoscitur,
1191 2166 1236 2221 vel
1265 2166 1289 2221 sl

145 2255 246 2324 stirpes
257 2255 367 2312 steriles
380 2257 530 2312 inveneris.
557 2259 684 2312 Textura
694 2256 822 2312 loliorum
832 2255 977 2326 diophane
989 2264 1018 2311 et
1027 2256 1171 2324 eleganter
1181 2255 1287 2310 reticu-

145 2347 212 2402 lata.
242 2345 345 2401 Forma
363 2347 513 2416 perianthll
526 2347 682 2402 eommunia
701 2353 745 2401 est
756 2337 961 2416 quadricornis,
980 2346 999 2400 i.
1020 2361 1046 2401 e.
1065 2343 1288 2415 perianthiuma

143 2439 242 2489 ventre
261 2440 304 2489 est
323 2433 527 2503 bicariuatum3
552 2437 649 2492 carina
672 2450 781 2490 summa
800 2435 828 2488 in
847 2434 970 2490 calearia
990 2434 1115 2504 repanda
1133 2433 1290 2504 producing

143 2523 239 2591 anguli
250 2523 380 2579 laterales
389 2525 489 2581 eodem
501 2525 584 2582 modo
590 2526 785 2596 producuntur
794 2523 962 2592 incalueria,
970 2525 1056 2591 unde,
1062 2523 1085 2579 sl
1098 2523 1287 2594 perianthlnm

143 2611 232 2666 lrabes
255 2611 395 2678 iuvenile,
420 2614 547 2682 magisve
573 2614 659 2669 etlam
686 2612 829 2679 adultum,
858 2613 979 2669 habebis
1002 2618 1019 2668 4
1044 2631 1151 2669 cornua
1175 2633 1212 2670 ex
1231 2630 1288 2670 uno

143 2709 249 2771 puncto
267 2702 412 2769 exeuntia,
430 2700 563 2758 videlicet
581 2720 617 2758 ex
637 2702 718 2774 apice
738 2704 799 2758 sive
813 2718 947 2759 macrone
960 2703 1120 2773 periantlrii.
1131 2733 1164 2745 -
1182 2704 1289 2759 Canna

143 2793 263 2848 dorsalis
286 2791 371 2861 igitur
390 2791 467 2847 nulla
484 2793 636 2848 invenitur.
673 2793 819 2848 Interdum
839 2799 935 2847 autem
954 2809 1061 2848 cornua
1078 2793 1209 2850 lateralia
1228 2793 1288 2851 slve

143 2883 239 2950 anguli
259 2881 389 2937 laterales
405 2882 491 2951 paulo
503 2882 690 2947 adscendunt,
709 2883 750 2937 ita
769 2889 801 2936 ut
820 2882 908 2937 iacies
919 2881 1039 2938 dorsalis
1052 2881 1203 2953 periantlrli
1217 2898 1286 2937 oon-

143 2986 214 3026 cava
227 2971 288 3036 fiat:
302 2978 370 3026 tune
382 2970 492 3026 ridebis
506 2971 701 3026 intermediam
717 2977 826 3040 partem
839 2973 912 3028 inter
924 2971 1044 3042 angulos
1052 2971 1182 3028 laterales
1191 2974 1289 3030 leniter

143 3075 301 3118 convexam
316 3067 344 3114 et
357 3076 422 3114 cum
435 3059 518 3115 liuius
530 3061 619 3130 partis
638 3075 765 3116 summus
783 3061 847 3116 finis
866 3062 949 3133 apice
962 3061 1114 3133 perlantlril
1129 3072 1288 3132 coronetur,

143 3151 272 3224 quintum
284 3167 370 3207 cornu
388 3149 524 3205 accedere
542 3151 662 3206 ridetur.
699 3148 903 3208 Verumtamen
923 3168 986 3206 curn
1007 3151 1077 3206 haec
1096 3167 1141 3206 rea
1160 3169 1214 3207 non
1234 3153 1288 3210 nisi

144 3241 260 3297 fortuito
282 3241 432 3306 efficiatur,
468 3239 553 3295 etiam
580 3241 610 3294 in
637 3241 738 3296 eadem
768 3241 868 3310 planta
892 3241 1052 3310 periantlria
1075 3241 1202 3297 invenies
1232 3243 1289 3298 alia

143 3329 273 3402 quadri-,
292 3329 349 3384 alia
367 3329 600 3402 quinquecoruia,
617 3347 646 3384 v.
665 3347 690 3384 c.
708 3329 739 3385 in
757 3331 816 3403 14⁸.
836 3330 988 3384 merentia
1007 3327 1048 3384 Μ.
1068 3336 1097 3384 et
1116 3331 1153 3386 N.

216 3417 336 3473 Plantae
356 3419 439 3473 huius
457 3419 590 3476 sectionis
609 3418 682 3473 inter
700 3434 731 3473 se
749 3419 872 3474 maxime
885 3433 1028 3488 congruae
1044 3418 1204 3475 difficillime
1222 3426 1290 3475 sunt

143 3507 353 3576 dignoscendae
371 3513 400 3562 at
418 3507 513 3564 lorsan
530 3506 684 3563 uarietates
699 3507 838 3577 dignitate
854 3505 961 3577 speclei
979 3495 1099 3562 ornat'ae
1117 3508 1288 3564 coniunctim

144 3612 209 3650 cum
228 3596 291 3651 aliis
308 3597 449 3667 certisque
468 3597 618 3666 speciebus
637 3598 683 3653 hio
701 3603 904 3668 proponuntur.

163 3733 190 3774 a.
228 3717 445 3777 fleetendum·
483 3717 692 3791 Argeligustrlir
713 3717 882 3773 mdrmmrdir
904 3715 1008 3788 bifidis,
1022 3716 1155 3790 julioramo
1178 3715 1272 3774 lodulr'e

500 3807 633 3862 masellis
649 3809 773 3862 maximis
789 3805 936 3862 mederis.

386 3919 451 3969 uro.
487 3915 682 3986 meamea
701 3907 877 3971 domae
895 3913 1043 3970 uetuere.

217 4006 251 4064 L.
269 4005 342 4062 esaie
357 4015 460 4079 repente
481 4023 546 4077 erge
563 4023 664 4060 rumoso
681 4003 894 4075 tumbellam
906 4005 1035 4076 plesseto,
1057 4000 1140 4056 mne
1161 4001 1288 4067 dammis,

134 4095 216 4171 sullis
232 4095 426 4154 affluerem
447 4094 722 4164 undenae-obbae&
738 4095 862 4166 flaccidis
885 4091 1067 4149 somma
1090 4093 1162 4164 apice
1186 4091 1289 4163 eufimie

143 4185 240 4243 edituis
257 4187 374 4242 amase
389 4184 567 4255 arpennis
578 4193 603 4238 et
615 4182 829 4238 ruddeetr'crrlatr's
846 4182 904 4238 basi
920 4181 1089 4256 receptionis,
1109 4179 1193 4235 teleto
1204 4195 1288 4252 pereo

144 4285 266 4331 meato
282 4275 436 4348 sabiaflsto,
459 4273 657 4346 amplecteris
678 4272 867 4328 masculis
888 4275 973 4328 walis
994 4273 1031 4326 erl
1045 4271 1183 4326 dimidietur
1201 4269 1289 4337 bpfids'e

144 4363 368 4428 inardescatis,
383 4363 484 4435 fimeta
502 4362 609 4416 laterali
626 4361 723 4427 uselli,
739 4360 821 4432 soliis
844 4359 1047 4416 irsoodamlr‘bers
1068 4356 1287 4420 uincentem,

140 4451 291 4524 mallio
307 4450 413 4507 moesto
430 4452 503 4525 apice
520 4461 652 4521 temporeo
669 4451 699 4504 s'tt
716 4461 829 4522 petatem
846 4450 958 4506 lueiaim
971 4449 1041 4521 fisso
1057 4445 1202 4518 s'aueqrreles
1226 4443 1287 4498 serd-

143 4541 262 4614 arsam.
300 4541 421 4598 Gottaehs
439 4541 511 4596 Isou.
530 4541 639 4613 Lderec
658 4537 712 4595 lv.
734 4543 777 4597 ltl.
