3100 5072
618 377 781 433 Gotteuhea.

521 548 800 633 Subtribus
834 552 875 630 2.

393 763 771 848 coeloeaules
808 757 863 834 N.
890 759 938 835 ab
966 759 1016 834 Ε.
1062 731 1065 736 “

211 915 662 1040 Jnngermanniae'aligerae
694 923 740 1012 N.
762 945 803 1010 ab
826 945 869 1011 E.
905 947 940 1010 in
970 945 1056 1010 Non.
1088 945 1169 1010 Act.
1207 947 1267 1010 Ac.

126 1057 172 1124 Ν.
201 1057 283 1123 Gar.
306 1056 379 1122 XI.
401 1055 434 1120 1.
452 1077 491 1141 p.
513 1054 589 1120 135.
636 1052 722 1138 Hep.
744 1051 822 1114 Jao.
842 1072 878 1134 p.
901 1049 956 1115 66.

214 1194 359 1282 Gapaula
372 1193 487 1270 solida,
511 1200 611 1270 reeta,
635 1191 674 1257 ad
692 1190 783 1254 basin
802 1209 903 1274 neque
918 1187 1146 1274 quadrivalvis.
1193 1191 1268 1258 Elu-

125 1309 214 1366 tereo
237 1300 362 1388 bispiri.
406 1297 630 1362 Fructifloatio
643 1297 782 1360 feminea
804 1301 838 1357 et
859 1293 1034 1384 terminalis
1058 1302 1093 1358 et
1114 1294 1266 1376 lateralis,

126 1402 230 1466 naulis
260 1401 414 1488 perforati
442 1401 546 1486 magia
574 1401 720 1464 minusve
751 1401 995 1465 intumescentis
1025 1422 1105 1466 navo
1136 1405 1268 1470 ineerta.

127 1506 224 1571 Folia
251 1507 408 1582 euooubn,
439 1504 643 1590 complicata,
675 1502 784 1568 bifida.
829 1503 926 1568 Rarui
956 1513 1111 1570 etruuoo
1134 1517 1269 1593 repente

106 1609 377 1688 'adaoeodeutea,
400 1630 513 1697 parum
536 1608 663 1684 ramosi,
687 1607 902 1695 pterygoidei.
945 1606 1084 1674 Plantae
1099 1611 1269 1677 terricolae

125 1721 161 1778 et
182 1713 359 1778 nortioolne
380 1713 413 1776 in
438 1713 561 1777 trunoia
583 1711 732 1797 putridis.
778 1709 901 1776 Omnes
922 1711 983 1776 sub
998 1712 1090 1776 ooelo
1113 1715 1268 1779 calidiore

125 1818 287 1901 rigentes.

387 1986 452 2052 VI.
497 1984 811 2063 Gomohetffl
835 1984 881 2050 N.
905 1989 946 2052 ab
967 1986 1007 2052 E.

195 2143 438 2214 langermannlae
472 2143 548 2198 Seot.
573 2142 612 2197 V.
640 2141 811 2199 Nemorooae
840 2143 875 2200 Β.
900 2144 1031 2213 Aligeeae
1056 2145 1094 2200 N.
1118 2146 1151 2202 ab
1176 2147 1213 2200 E.
1239 2149 1267 2202 ia

126 2235 194 2290 Noe.
215 2236 280 2289 Aet.
299 2235 365 2290 Not.
386 2234 451 2290 Gar.
470 2233 527 2288 XI.
549 2238 573 2289 l.
591 2251 620 2305 p.
641 2234 702 2298 1³5,
721 2231 795 2286 XII.
816 2236 840 2286 l.
855 2251 885 2305 p.
904 2237 967 2288 2³4.
1005 2235 1151 2306 Hepdeo.
1162 2254 1192 2308 ρ.
1204 2239 1250 2292 66.

200 2344 283 2412 Apex
302 2341 393 2397 naalia
410 2342 454 2396 rel
474 2340 573 2395 ramuli
592 2339 716 2396 lateralia
735 2347 846 2394 tumens
868 2356 1012 2410 curuoque
1029 2341 1180 2410 periantlrii
1205 2343 1268 2398 viee

125 2431 258 2500 longene.
295 2431 477 2486 Involuerum
488 2429 533 2484 rel
544 2429 715 2493 tubuloenm,
732 2443 779 2482 ore
792 2429 956 2496 regulariter
969 2432 1046 2496 liaeo,
1056 2433 1100 2487 vel
1111 2450 1128 2488 e
1138 2433 1267 2488 tottomm

124 2519 395 2594 amphigeatriorum
413 2520 521 2590 aliquot
539 2518 655 2588 peribus
681 2534 745 2571 oum
771 2517 853 2571 ceule
878 2524 1005 2574 tumente
1029 2520 1267 2576 adeoendentibua

125 2613 253 2669 nonnihil
271 2609 414 2666 distractio
431 2609 521 2664 ceolis
541 2607 614 2678 apioi
638 2611 682 2663 vel
707 2609 835 2679 oalyptru
860 2609 971 2666 eoalitiu
996 2617 1045 2665 ent
1069 2611 1131 2667 basi
1155 2611 1267 2665 adnatie

124 2703 277 2758 formatum
303 2701 390 2754 latere
415 2699 520 2754 fiaenrn
567 2698 701 2770 Galyptra
724 2705 817 2755 orata.
861 2698 973 2755 Pletilla
997 2701 1099 2766 multe,
1124 2703 1269 2758 emarcida

120 2793 237 2848 demum
261 2790 416 2858 ealyptreru
440 2776 612 2844 eoronantia.
663 2789 732 2843 Sata
757 2804 774 2842 e
798 2787 885 2843 tundo
908 2789 998 2845 oanlla
1023 2789 1086 2845 nari
1110 2807 1267 2863 emergent,

120 2882 216 2949 louge.
262 2879 388 2950 Gupenla
412 2879 501 2934 oralia
529 2884 580 2932 aut
601 2877 739 2945 oblonga,
766 2878 860 2943 firme,
889 2879 970 2934 baeiu
996 2880 1124 2951 adunque
1147 2882 1264 2953 quadri·

119 2971 223 3027 valvis.
268 2969 397 3023 Blatere·
419 2967 509 3022 vnlria
533 2965 633 3021 mediis
658 2965 755 3020 inserti
779 2966 823 3036 (ἲ).
864 2967 961 3024 Floree
986 2970 1105 3024 mannuli
1129 2971 1265 3027 involueri

119 3058 188 3115 lolia
208 3055 377 3122 conformia,
396 3056 501 3110 aretine
520 3053 682 3118 imbricata,
701 3053 762 3110 bani
781 3056 947 3112 ventrleoou.
984 3058 1127 3116 lotherae
1149 3063 1264 3128 multae,

119 3149 266 3212 axillaree,
284 3153 463 3217 aggregatae,
482 3145 625 3200 illamento
643 3145 735 3214 longo.
773 3145 952 3216 Paraphysee
970 3163 1027 3203 non
1045 3149 1220 3206 observatae.

160 3384 188 3449 ⁸)
231 3383 406 3434 Fmetitiontio
433 3382 589 3440 terminalia,
616 3380 726 3431 lateralia
754 3393 779 3431 et
806 3382 924 3432 axillarie.
972 3381 1043 3432 luter
1067 3382 1129 3431 folin
1154 3380 1263 3440 floralia,

229 3471 343 3522 qnorum
362 3454 409 3504 tria
428 3455 498 3518 peria
519 3450 608 3502 adeone
621 3452 712 3512 nolent,
731 3452 1021 3522 saepiuaamphigartriu
1033 3465 1177 3516 emergunt,
1197 3468 1262 3516 quae

228 3525 285 3576 aliia
302 3525 365 3574 loeie
386 3525 411 3573 in
430 3525 509 3590 stirpe
529 3539 655 3590 nosquam
676 3524 847 3590 reperiuntur.
884 3523 911 3572 lo
932 3525 996 3572 llore
1024 3521 1145 3573 ridentur
1169 3523 1261 3588 pistillo

229 3596 310 3646 multa
331 3594 375 3661 (tu
394 3621 431 3632 -
450 3593 494 3658 32)
515 3593 581 3643 lollio
601 3592 826 3659 periclrnetialibna
844 3595 911 3645 binio
930 3608 954 3643 et
974 3591 1158 3661 omphigeatrio
1177 3593 1261 3658 pluri·

229 3665 293 3729 fido,
311 3664 442 3716 interdurn
462 3663 590 3731 adopertio
609 3664 688 3732 paleis
707 3665 805 3730 aliquot
823 3665 971 3727 floralibus,
989 3667 1096 3715 inclusa·
1134 3663 1260 3713 Pietillum

229 3737 424 3796 foecundatam,
443 3735 508 3786 dum
526 3735 670 3802 pedieelltre
689 3737 807 3802 capiulre
826 3737 851 3786 io
881 3737 982 3786 earrlern
1009 3734 1145 3786 deseendit
1169 3751 1259 3784 aecum

227 3821 316 3859 torum
334 3808 490 3875 pistillorum
509 3822 569 3856 curn
588 3805 667 3874 puleio
685 3806 816 3856 floralibno
835 3823 937 3856 aureum
958 3807 1048 3867 uulert,
1068 3805 1139 3872 quod
1158 3821 1262 3872 semper

228 3880 255 3929 io
275 3881 347 3946 epioe
367 3879 506 3946 calyptree,
525 3879 587 3943 quin
607 3878 684 3926 etiarn
705 3876 790 3928 lrnetu
810 3894 915 3942 egresso
935 3890 1032 3943 ruptae,
1052 3877 1118 3925 bene
1138 3877 1261 3941 cognosci

224 3962 319 4018 potent.
355 3949 476 4018 Calyptra
496 3949 629 4000 carnosior
646 3947 718 4006 laete,
736 3960 765 3998 nt
783 3950 808 3996 ln
822 3945 1005 4019 Hoplomittio
1025 3961 1050 3998 et
1064 3945 1184 4007 Anertro,
1202 3963 1261 3996 rne-

226 4021 386 4090 tamorplroai
406 4019 587 4088 progrediente
612 4020 659 4069 trie
684 4018 724 4067 vel
752 4032 862 4085 quatuor
886 4021 955 4087 peria
983 4019 1106 4068 loliorum
1131 4019 1260 4066 llorelium

225 4092 277 4143 eibi
297 4093 397 4156 ingerit,
418 4104 444 4142 ut
462 4103 527 4140 stuta
545 4104 648 4140 maturo
669 4089 787 4140 rabulum
815 4094 839 4141 in
867 4091 997 4140 nonnulli·
1018 4086 1163 4141 Gottreker'r
1182 4089 1215 4156 (e.
1235 4105 1259 4152 g.

227 4161 343 4225 Blamit',
363 4159 539 4227 Berteroana)
560 4170 575 4212 6
594 4162 674 4210 lineae
692 4160 809 4225 longum,
829 4164 908 4212 ternio
925 4161 1031 4228 paribus
1051 4162 1173 4212 loliorum
1198 4161 1260 4208 toti-

225 4236 342 4302 demque
353 4233 542 4300 umplrlgattriio
554 4231 702 4282 obvelatum
713 4231 809 4282 videet.
836 4233 866 4282 In
877 4235 932 4283 elii·
943 4235 1019 4282 etiarn
1031 4231 1065 4300 (e.
1075 4249 1099 4296 g.
1110 4229 1145 4283 G.
1157 4228 1258 4296 Nectit]

223 4306 319 4358 lolium
346 4307 434 4356 tlorale
460 4320 593 4356 nummum
618 4303 659 4352 vel
684 4304 799 4368 primurn
823 4305 848 4352 iu
872 4303 992 4354 tubulurn
1017 4304 1185 4353 convolutum
1213 4313 1259 4358 ert,

224 4371 1257 4499 tl,ll‘tlltztlllimlllfttllll“lli¹⁰¹¹s⁸lt¹ll²¹tlll

223 4465 413 4588 palatiorum
433 4483 562 4568 floralium
582 4518 608 4566 in
627 4515 726 4567 caulem
746 4465 915 4568 ‹leeceodelin
1137 4462 1153 4509 q
