<?xml version="1.0" encoding="UTF-8"?>
<!DOCTYPE html PUBLIC "-//W3C//DTD XHTML 1.0 Transitional//EN"
    "http://www.w3.org/TR/xhtml1/DTD/xhtml1-transitional.dtd">
<html xmlns="http://www.w3.org/1999/xhtml" xml:lang="en" lang="en">
 <head>
  <title>
</title>
<meta http-equiv="Content-Type" content="text/html;charset=utf-8" />
  <meta name='ocr-system' content='tesseract 3.04.00' />
  <meta name='ocr-capabilities' content='ocr_page ocr_carea ocr_par ocr_line ocrx_word'/>
</head>
<body>
  <div class='ocr_page' id='page_1' title='image "./synopsishepatic00esengoog/synopsishepatic00esengoog_0832.png"; bbox 0 0 2858 5096; ppageno 0'>
   <div class='ocr_carea' id='block_1_1' title="bbox 493 418 1137 476">
    <p class='ocr_par' dir='ltr' id='par_1_1' title="bbox 493 418 1137 476">
     <span class='ocr_line' id='line_1_1' title="bbox 493 418 1137 476; baseline -0.014 0"><span class='ocrx_word' id='word_1_1' title='bbox 493 418 649 476; x_wconf 78' lang='lat' dir='ltr'><strong>Frcllania.</strong></span> <span class='ocrx_word' id='word_1_2' title='bbox 1080 423 1137 476; x_wconf 73' lang='lat' dir='ltr'><strong>aar</strong></span> 
     </span>
    </p>
   </div>
   <div class='ocr_carea' id='block_1_2' title="bbox 7 586 1145 1926">
    <p class='ocr_par' dir='ltr' id='par_1_2' title="bbox 7 586 1140 824">
     <span class='ocr_line' id='line_1_2' title="bbox 7 586 1140 662; baseline 0.002 -20"><span class='ocrx_word' id='word_1_3' title='bbox 7 597 126 644; x_wconf 64' lang='lat' dir='ltr'><strong>renuam</strong></span> <span class='ocrx_word' id='word_1_4' title='bbox 152 586 358 655; x_wconf 61' lang='lat' dir='ltr'><strong>mammea,</strong></span> <span class='ocrx_word' id='word_1_5' title='bbox 384 587 461 644; x_wconf 69' lang='lat' dir='ltr'><strong>dorm</strong></span> <span class='ocrx_word' id='word_1_6' title='bbox 483 591 520 644; x_wconf 84' lang='lat' dir='ltr'><strong>ad</strong></span> <span class='ocrx_word' id='word_1_7' title='bbox 540 589 641 662; x_wconf 55' lang='lat' dir='ltr'><strong>meam</strong></span> <span class='ocrx_word' id='word_1_8' title='bbox 663 588 705 644; x_wconf 84' lang='lat' dir='ltr'><strong>cel</strong></span> <span class='ocrx_word' id='word_1_9' title='bbox 727 588 825 644; x_wconf 63' lang='lat' dir='ltr'><strong>sabato</strong></span> <span class='ocrx_word' id='word_1_10' title='bbox 840 589 884 645; x_wconf 82' lang='lat' dir='ltr'><strong>aei</strong></span> <span class='ocrx_word' id='word_1_11' title='bbox 898 590 1005 646; x_wconf 78' lang='lat' dir='ltr'><strong>circlate</strong></span> <span class='ocrx_word' id='word_1_12' title='bbox 1020 591 1140 646; x_wconf 68' lang='lat' dir='ltr'><strong>ewiacto</strong></span> 
     </span>
     <span class='ocr_line' id='line_1_3' title="bbox 7 677 380 736; baseline -0.005 -2"><span class='ocrx_word' id='word_1_13' title='bbox 7 691 71 734; x_wconf 83' lang='lat' dir='ltr'><strong>atre</strong></span> <span class='ocrx_word' id='word_1_14' title='bbox 90 677 186 736; x_wconf 67' lang='lat' dir='ltr'><strong>aaran</strong></span> <span class='ocrx_word' id='word_1_15' title='bbox 201 677 380 732; x_wconf 62' lang='lat' dir='ltr'><strong>animaru.</strong></span> 
     </span>
     <span class='ocr_line' id='line_1_4' title="bbox 137 765 609 824; baseline -0.004 0"><span class='ocrx_word' id='word_1_16' title='bbox 137 766 268 824; x_wconf 67' lang='lat' dir='ltr'><strong>Latara</strong></span> <span class='ocrx_word' id='word_1_17' title='bbox 285 765 344 820; x_wconf 82' lang='lat' dir='ltr'><strong>Iter</strong></span> <span class='ocrx_word' id='word_1_18' title='bbox 362 765 497 822; x_wconf 63' lang='lat' dir='ltr'><strong>Mrem.</strong></span> <span class='ocrx_word' id='word_1_19' title='bbox 516 766 609 822; x_wconf 73' lang='lat' dir='ltr'><strong>iareiit.</strong></span> 
     </span>
    </p>

    <p class='ocr_par' dir='ltr' id='par_1_3' title="bbox 56 855 931 926">
     <span class='ocr_line' id='line_1_5' title="bbox 56 855 931 926; baseline 0.001 -14"><span class='ocrx_word' id='word_1_20' title='bbox 56 857 192 912; x_wconf 81' lang='lat' dir='ltr'><strong>Habitat</strong></span> <span class='ocrx_word' id='word_1_21' title='bbox 208 856 237 912; x_wconf 93' lang='lat' dir='ltr'><strong>in</strong></span> <span class='ocrx_word' id='word_1_22' title='bbox 257 871 344 924; x_wconf 74' lang='lat' dir='ltr'><strong>reguo</strong></span> <span class='ocrx_word' id='word_1_23' title='bbox 363 855 517 910; x_wconf 82' lang='lat' dir='ltr'><strong>ldcxioano</strong></span> <span class='ocrx_word' id='word_1_24' title='bbox 536 857 573 911; x_wconf 86' lang='lat' dir='ltr'><strong>ad</strong></span> <span class='ocrx_word' id='word_1_25' title='bbox 592 856 744 912; x_wconf 81' lang='lat' dir='ltr'><strong>Civicantia</strong></span> <span class='ocrx_word' id='word_1_26' title='bbox 763 857 931 926; x_wconf 78' lang='lat' dir='ltr'><strong>(liebmac).</strong></span> 
     </span>
    </p>

    <p class='ocr_par' dir='ltr' id='par_1_4' title="bbox 7 944 1143 1194">
     <span class='ocr_line' id='line_1_6' title="bbox 56 944 1143 1014; baseline 0.003 -14"><span class='ocrx_word' id='word_1_27' title='bbox 56 947 85 1000; x_wconf 82' lang='grc' dir='ltr'><strong>Α</strong></span> <span class='ocrx_word' id='word_1_28' title='bbox 107 945 164 1002; x_wconf 81' lang='lat' dir='ltr'><strong>Fr.</strong></span> <span class='ocrx_word' id='word_1_29' title='bbox 182 944 340 1014; x_wconf 74' lang='lat' dir='ltr'><strong>Mortapnri</strong></span> <span class='ocrx_word' id='word_1_30' title='bbox 358 945 483 1000; x_wconf 71' lang='lat' dir='ltr'><strong>maxim</strong></span> <span class='ocrx_word' id='word_1_31' title='bbox 502 946 578 1000; x_wconf 80' lang='lat' dir='ltr'><strong>affini</strong></span> <span class='ocrx_word' id='word_1_32' title='bbox 596 946 703 1002; x_wconf 80' lang='lat' dir='ltr'><strong>differt:</strong></span> <span class='ocrx_word' id='word_1_33' title='bbox 724 948 806 1002; x_wconf 83' lang='lat' dir='ltr'><strong>oculo</strong></span> <span class='ocrx_word' id='word_1_34' title='bbox 824 947 918 1002; x_wconf 86' lang='lat' dir='ltr'><strong>minus</strong></span> <span class='ocrx_word' id='word_1_35' title='bbox 937 947 1038 1014; x_wconf 82' lang='lat' dir='ltr'><strong>diviso,</strong></span> <span class='ocrx_word' id='word_1_36' title='bbox 1056 949 1143 1003; x_wconf 72' lang='lat' dir='ltr'><strong>nmis</strong></span> 
     </span>
     <span class='ocr_line' id='line_1_7' title="bbox 7 1033 1143 1105; baseline 0.004 -17"><span class='ocrx_word' id='word_1_37' title='bbox 7 1053 41 1090; x_wconf 75' lang='lat' dir='ltr'><strong>vn</strong></span> <span class='ocrx_word' id='word_1_38' title='bbox 63 1035 213 1100; x_wconf 79' lang='lat' dir='ltr'><strong>decurris,</strong></span> <span class='ocrx_word' id='word_1_39' title='bbox 232 1033 367 1088; x_wconf 85' lang='lat' dir='ltr'><strong>auriculis</strong></span> <span class='ocrx_word' id='word_1_40' title='bbox 386 1033 479 1102; x_wconf 86' lang='lat' dir='ltr'><strong>tectis,</strong></span> <span class='ocrx_word' id='word_1_41' title='bbox 498 1035 619 1090; x_wconf 79' lang='lat' dir='ltr'><strong>caufinia</strong></span> <span class='ocrx_word' id='word_1_42' title='bbox 637 1037 775 1105; x_wconf 73' lang='lat' dir='ltr'><strong>elongatis</strong></span> <span class='ocrx_word' id='word_1_43' title='bbox 793 1036 928 1104; x_wconf 82' lang='lat' dir='ltr'><strong>ineurvis,</strong></span> <span class='ocrx_word' id='word_1_44' title='bbox 946 1037 1067 1094; x_wconf 83' lang='lat' dir='ltr'><strong>evolatis</strong></span> <span class='ocrx_word' id='word_1_45' title='bbox 1085 1037 1143 1092; x_wconf 89' lang='lat' dir='ltr'><strong>iere</strong></span> 
     </span>
     <span class='ocr_line' id='line_1_8' title="bbox 7 1122 380 1194; baseline -0.005 -14"><span class='ocrx_word' id='word_1_46' title='bbox 7 1125 84 1190; x_wconf 81' lang='lat' dir='ltr'><strong>silis,</strong></span> <span class='ocrx_word' id='word_1_47' title='bbox 104 1122 261 1194; x_wconf 87' lang='lat' dir='ltr'><strong>perianthii</strong></span> <span class='ocrx_word' id='word_1_48' title='bbox 280 1123 380 1179; x_wconf 82' lang='lat' dir='ltr'><strong>iorma.</strong></span> 
     </span>
    </p>

    <p class='ocr_par' dir='ltr' id='par_1_5' title="bbox 7 1211 1145 1817">
     <span class='ocr_line' id='line_1_9' title="bbox 61 1211 1144 1286; baseline 0 -18"><span class='ocrx_word' id='word_1_49' title='bbox 61 1215 117 1268; x_wconf 85' lang='lat' dir='ltr'><strong>Fr.</strong></span> <span class='ocrx_word' id='word_1_50' title='bbox 137 1213 280 1286; x_wconf 74' lang='lat' dir='ltr'><em>Baptistae</em></span> <span class='ocrx_word' id='word_1_51' title='bbox 298 1213 405 1268; x_wconf 84' lang='lat' dir='ltr'><strong>differt:</strong></span> <span class='ocrx_word' id='word_1_52' title='bbox 436 1211 518 1266; x_wconf 88' lang='lat' dir='ltr'><strong>caule</strong></span> <span class='ocrx_word' id='word_1_53' title='bbox 542 1212 631 1267; x_wconf 84' lang='lat' dir='ltr'><strong>multo</strong></span> <span class='ocrx_word' id='word_1_54' title='bbox 655 1211 841 1282; x_wconf 86' lang='lat' dir='ltr'><strong>simpliciore,</strong></span> <span class='ocrx_word' id='word_1_55' title='bbox 866 1213 941 1269; x_wconf 84' lang='lat' dir='ltr'><strong>iuliis</strong></span> <span class='ocrx_word' id='word_1_56' title='bbox 966 1211 1144 1268; x_wconf 83' lang='lat' dir='ltr'><strong>brevioribus</strong></span> 
     </span>
     <span class='ocr_line' id='line_1_10' title="bbox 11 1301 1145 1373; baseline -0.002 -15"><span class='ocrx_word' id='word_1_57' title='bbox 11 1305 123 1358; x_wconf 83' lang='lat' dir='ltr'><strong>nribus</strong></span> <span class='ocrx_word' id='word_1_58' title='bbox 133 1303 255 1369; x_wconf 88' lang='lat' dir='ltr'><strong>obtusis,</strong></span> <span class='ocrx_word' id='word_1_59' title='bbox 274 1303 408 1356; x_wconf 75' lang='lat' dir='ltr'><strong>auriculis</strong></span> <span class='ocrx_word' id='word_1_60' title='bbox 423 1301 580 1356; x_wconf 83' lang='lat' dir='ltr'><strong>minoribus</strong></span> <span class='ocrx_word' id='word_1_61' title='bbox 595 1302 737 1373; x_wconf 85' lang='lat' dir='ltr'><strong>plerisque</strong></span> <span class='ocrx_word' id='word_1_62' title='bbox 756 1303 918 1370; x_wconf 82' lang='lat' dir='ltr'><strong>denudatir,</strong></span> <span class='ocrx_word' id='word_1_63' title='bbox 936 1303 1145 1372; x_wconf 72' lang='lat' dir='ltr'><strong>amphigastriis</strong></span> 
     </span>
     <span class='ocr_line' id='line_1_11' title="bbox 12 1390 1145 1461; baseline 0 -15"><span class='ocrx_word' id='word_1_64' title='bbox 12 1393 153 1446; x_wconf 89' lang='lat' dir='ltr'><strong>inoribua</strong></span> <span class='ocrx_word' id='word_1_65' title='bbox 182 1390 245 1445; x_wconf 84' lang='lat' dir='ltr'><strong>basi</strong></span> <span class='ocrx_word' id='word_1_66' title='bbox 273 1390 349 1446; x_wconf 80' lang='lat' dir='ltr'><strong>haud</strong></span> <span class='ocrx_word' id='word_1_67' title='bbox 379 1391 514 1455; x_wconf 85' lang='lat' dir='ltr'><strong>sinuatis,</strong></span> <span class='ocrx_word' id='word_1_68' title='bbox 542 1391 620 1446; x_wconf 85' lang='lat' dir='ltr'><strong>loliis</strong></span> <span class='ocrx_word' id='word_1_69' title='bbox 643 1399 673 1446; x_wconf 89' lang='lat' dir='ltr'><strong>ct</strong></span> <span class='ocrx_word' id='word_1_70' title='bbox 696 1392 902 1461; x_wconf 72' lang='lat' dir='ltr'><strong>amphigastrio</strong></span> <span class='ocrx_word' id='word_1_71' title='bbox 922 1393 1145 1447; x_wconf 80' lang='lat' dir='ltr'><strong>involucraliirua</strong></span> 
     </span>
     <span class='ocr_line' id='line_1_12' title="bbox 7 1479 1145 1537; baseline -0.004 -1"><span class='ocrx_word' id='word_1_72' title='bbox 7 1480 449 1536; x_wconf 62' lang='lat' dir='ltr'><strong>leisc-laciniatim-Auriuclis</strong></span> <span class='ocrx_word' id='word_1_73' title='bbox 469 1479 599 1535; x_wconf 82' lang='lat' dir='ltr'><strong>loliorum</strong></span> <span class='ocrx_word' id='word_1_74' title='bbox 613 1481 790 1536; x_wconf 88' lang='lat' dir='ltr'><strong>cauliuorum</strong></span> <span class='ocrx_word' id='word_1_75' title='bbox 809 1481 1066 1537; x_wconf 81' lang='lat' dir='ltr'><strong>affinisFrcilaaiae</strong></span> <span class='ocrx_word' id='word_1_76' title='bbox 1082 1499 1145 1533; x_wconf 84' lang='lat' dir='ltr'><strong>eca-</strong></span> 
     </span>
     <span class='ocr_line' id='line_1_13' title="bbox 7 1567 1144 1644; baseline -0.004 -18"><span class='ocrx_word' id='word_1_77' title='bbox 7 1590 120 1644; x_wconf 75' lang='lat' dir='ltr'><strong>requoe,</strong></span> <span class='ocrx_word' id='word_1_78' title='bbox 140 1569 215 1626; x_wconf 87' lang='lat' dir='ltr'><strong>loliis</strong></span> <span class='ocrx_word' id='word_1_79' title='bbox 234 1577 263 1626; x_wconf 88' lang='lat' dir='ltr'><strong>ct</strong></span> <span class='ocrx_word' id='word_1_80' title='bbox 281 1570 491 1640; x_wconf 77' lang='lat' dir='ltr'><strong>amphigastriis</strong></span> <span class='ocrx_word' id='word_1_81' title='bbox 509 1570 561 1624; x_wconf 87' lang='lat' dir='ltr'><strong>Fr.</strong></span> <span class='ocrx_word' id='word_1_82' title='bbox 581 1569 752 1636; x_wconf 77' lang='lat' dir='ltr'><strong>Broriiieaa&#39;,</strong></span> <span class='ocrx_word' id='word_1_83' title='bbox 768 1571 887 1636; x_wconf 68' lang='lat' dir='ltr'><strong>stridor,</strong></span> <span class='ocrx_word' id='word_1_84' title='bbox 904 1570 1076 1643; x_wconf 76' lang='lat' dir='ltr'><strong>cylindriroe,</strong></span> <span class='ocrx_word' id='word_1_85' title='bbox 1094 1567 1144 1622; x_wconf 84' lang='lat' dir='ltr'><strong>sed</strong></span> 
     </span>
     <span class='ocr_line' id='line_1_14' title="bbox 7 1659 1145 1732; baseline -0.002 -16"><span class='ocrx_word' id='word_1_86' title='bbox 7 1663 112 1732; x_wconf 69' lang='lat' dir='ltr'><strong>eliquia</strong></span> <span class='ocrx_word' id='word_1_87' title='bbox 141 1660 234 1726; x_wconf 89' lang='lat' dir='ltr'><strong>notis,</strong></span> <span class='ocrx_word' id='word_1_88' title='bbox 265 1660 432 1730; x_wconf 85' lang='lat' dir='ltr'><strong>praesertim</strong></span> <span class='ocrx_word' id='word_1_89' title='bbox 459 1659 611 1728; x_wconf 83' lang='lat' dir='ltr'><strong>parlanthii</strong></span> <span class='ocrx_word' id='word_1_90' title='bbox 638 1660 744 1728; x_wconf 83' lang='lat' dir='ltr'><strong>torma,</strong></span> <span class='ocrx_word' id='word_1_91' title='bbox 773 1661 809 1715; x_wconf 85' lang='lat' dir='ltr'><strong>ab</strong></span> <span class='ocrx_word' id='word_1_92' title='bbox 833 1660 878 1715; x_wconf 81' lang='lat' dir='ltr'><strong>liis</strong></span> <span class='ocrx_word' id='word_1_93' title='bbox 902 1661 1034 1716; x_wconf 86' lang='lat' dir='ltr'><strong>omnibus</strong></span> <span class='ocrx_word' id='word_1_94' title='bbox 1061 1659 1145 1714; x_wconf 85' lang='lat' dir='ltr'><strong>lacile</strong></span> 
     </span>
     <span class='ocr_line' id='line_1_15' title="bbox 7 1749 189 1817; baseline -0.005 -12"><span class='ocrx_word' id='word_1_95' title='bbox 7 1749 189 1817; x_wconf 81' lang='lat' dir='ltr'><strong>istinguitur.</strong></span> 
     </span>
    </p>

    <p class='ocr_par' dir='ltr' id='par_1_6' title="bbox 11 1853 936 1926">
     <span class='ocr_line' id='line_1_16' title="bbox 11 1853 936 1926; baseline 0 -16"><span class='ocrx_word' id='word_1_96' title='bbox 11 1861 109 1911; x_wconf 62' lang='lat' dir='ltr'><strong>,ada</strong></span> <span class='ocrx_word' id='word_1_97' title='bbox 212 1858 273 1910; x_wconf 83' lang='lat'><strong>107.</strong></span> <span class='ocrx_word' id='word_1_98' title='bbox 308 1855 528 1910; x_wconf 72' lang='lat' dir='ltr'><strong>milonio</strong></span> <span class='ocrx_word' id='word_1_99' title='bbox 547 1854 772 1926; x_wconf 75' lang='lat' dir='ltr'><strong>cylindrioa</strong></span> <span class='ocrx_word' id='word_1_100' title='bbox 789 1853 936 1910; x_wconf 77' lang='lat' dir='ltr'><strong>Gotuche.</strong></span> 
     </span>
    </p>
   </div>
   <div class='ocr_carea' id='block_1_3' title="bbox 70 1945 1148 2300">
    <p class='ocr_par' dir='ltr' id='par_1_7' title="bbox 70 1945 1148 2155">
     <span class='ocr_line' id='line_1_17' title="bbox 70 1945 1148 2014; baseline 0 -18"><span class='ocrx_word' id='word_1_101' title='bbox 70 1946 84 1996; x_wconf 80' lang='grc' dir='ltr'>δ</span> <span class='ocrx_word' id='word_1_102' title='bbox 104 1945 230 2014; x_wconf 64' lang='lat' dir='ltr'><strong>predis,</strong></span> <span class='ocrx_word' id='word_1_103' title='bbox 257 1947 415 2012; x_wconf 73' lang='lat' dir='ltr'><strong>nigrescens,</strong></span> <span class='ocrx_word' id='word_1_104' title='bbox 436 1947 516 1996; x_wconf 78' lang='lat' dir='ltr'><strong>remia</strong></span> <span class='ocrx_word' id='word_1_105' title='bbox 534 1945 719 2006; x_wconf 81' lang='lat' dir='ltr'><strong>aubdecnrris,</strong></span> <span class='ocrx_word' id='word_1_106' title='bbox 743 1946 812 1995; x_wconf 78' lang='lat' dir='ltr'><strong>loliis</strong></span> <span class='ocrx_word' id='word_1_107' title='bbox 830 1948 925 1996; x_wconf 79' lang='lat' dir='ltr'><strong>arctius</strong></span> <span class='ocrx_word' id='word_1_108' title='bbox 943 1949 1011 1996; x_wconf 78' lang='lat' dir='ltr'><strong>cauli</strong></span> <span class='ocrx_word' id='word_1_109' title='bbox 1030 1947 1148 1998; x_wconf 85' lang='lat' dir='ltr'><strong>eircum-</strong></span> 
     </span>
     <span class='ocr_line' id='line_1_18' title="bbox 106 2017 1146 2081; baseline 0.001 -14"><span class='ocrx_word' id='word_1_110' title='bbox 106 2019 201 2068; x_wconf 81' lang='lat' dir='ltr'><strong>volutis</strong></span> <span class='ocrx_word' id='word_1_111' title='bbox 225 2019 328 2080; x_wconf 79' lang='lat' dir='ltr'><strong>longius</strong></span> <span class='ocrx_word' id='word_1_112' title='bbox 351 2018 469 2081; x_wconf 78' lang='lat' dir='ltr'>margine</span> <span class='ocrx_word' id='word_1_113' title='bbox 489 2019 597 2066; x_wconf 83' lang='lat' dir='ltr'><strong>ventrali</strong></span> <span class='ocrx_word' id='word_1_114' title='bbox 626 2017 740 2080; x_wconf 83' lang='lat' dir='ltr'><strong>inflexis,</strong></span> <span class='ocrx_word' id='word_1_115' title='bbox 766 2017 966 2068; x_wconf 85' lang='lat' dir='ltr'><strong>involucraiibus</strong></span> <span class='ocrx_word' id='word_1_116' title='bbox 991 2020 1079 2073; x_wconf 80' lang='lat' dir='ltr'><strong>minut</strong></span> <span class='ocrx_word' id='word_1_117' title='bbox 1100 2036 1146 2072; x_wconf 65' lang='lat' dir='ltr'><strong>att-2</strong></span> 
     </span>
     <span class='ocr_line' id='line_1_19' title="bbox 107 2087 903 2155; baseline -0.001 -17"><span class='ocrx_word' id='word_1_118' title='bbox 107 2089 367 2155; x_wconf 78' lang='lat' dir='ltr'><strong>buinio-spiculatis,</strong></span> <span class='ocrx_word' id='word_1_119' title='bbox 386 2089 529 2154; x_wconf 81' lang='lat' dir='ltr'><strong>periantlrio</strong></span> <span class='ocrx_word' id='word_1_120' title='bbox 549 2087 678 2148; x_wconf 91' lang='lat' dir='ltr'><strong>breviore,</strong></span> <span class='ocrx_word' id='word_1_121' title='bbox 697 2101 782 2137; x_wconf 81' lang='lat' dir='ltr'><strong>rostro</strong></span> <span class='ocrx_word' id='word_1_122' title='bbox 802 2088 903 2138; x_wconf 84' lang='lat' dir='ltr'><strong>conico.</strong></span> 
     </span>
    </p>

    <p class='ocr_par' dir='ltr' id='par_1_8' title="bbox 74 2159 1148 2300">
     <span class='ocr_line' id='line_1_20' title="bbox 74 2159 1146 2228; baseline 0 -18"><span class='ocrx_word' id='word_1_123' title='bbox 74 2177 85 2210; x_wconf 88' lang='lat' dir='ltr'><strong>e</strong></span> <span class='ocrx_word' id='word_1_124' title='bbox 112 2159 279 2228; x_wconf 77' lang='lat' dir='ltr'><strong>atro-fusca,</strong></span> <span class='ocrx_word' id='word_1_125' title='bbox 299 2161 367 2210; x_wconf 87' lang='lat' dir='ltr'><strong>loliis</strong></span> <span class='ocrx_word' id='word_1_126' title='bbox 381 2161 497 2224; x_wconf 76' lang='lat' dir='ltr'><strong>margine</strong></span> <span class='ocrx_word' id='word_1_127' title='bbox 511 2161 617 2208; x_wconf 80' lang='lat' dir='ltr'><strong>ventrali</strong></span> <span class='ocrx_word' id='word_1_128' title='bbox 633 2175 742 2226; x_wconf 76' lang='lat' dir='ltr'>superne</span> <span class='ocrx_word' id='word_1_129' title='bbox 758 2159 866 2221; x_wconf 81' lang='lat' dir='ltr'><strong>inflexis,</strong></span> <span class='ocrx_word' id='word_1_130' title='bbox 882 2161 1008 2210; x_wconf 79' lang='lat' dir='ltr'><strong>involucri</strong></span> <span class='ocrx_word' id='word_1_131' title='bbox 1021 2161 1146 2219; x_wconf 82' lang='lat' dir='ltr'><strong>loliorum</strong></span> 
     </span>
     <span class='ocr_line' id='line_1_21' title="bbox 109 2230 1148 2300; baseline 0.001 -18"><span class='ocrx_word' id='word_1_132' title='bbox 109 2247 135 2284; x_wconf 86' lang='lat' dir='ltr'><strong>et</strong></span> <span class='ocrx_word' id='word_1_133' title='bbox 153 2232 329 2298; x_wconf 74' lang='lat' dir='ltr'><strong>ampliigaatrii</strong></span> <span class='ocrx_word' id='word_1_134' title='bbox 347 2233 447 2280; x_wconf 79' lang='lat' dir='ltr'><strong>laciniis</strong></span> <span class='ocrx_word' id='word_1_135' title='bbox 466 2230 699 2295; x_wconf 76' lang='lat' dir='ltr'><strong>subintegerrimis,</strong></span> <span class='ocrx_word' id='word_1_136' title='bbox 717 2230 864 2300; x_wconf 80' lang='lat' dir='ltr'><strong>perianthio</strong></span> <span class='ocrx_word' id='word_1_137' title='bbox 878 2231 1000 2284; x_wconf 79' lang='lat' dir='ltr'><strong>breviore</strong></span> <span class='ocrx_word' id='word_1_138' title='bbox 1012 2235 1148 2284; x_wconf 84' lang='lat' dir='ltr'><strong>crassiore.</strong></span> 
     </span>
    </p>
   </div>
   <div class='ocr_carea' id='block_1_4' title="bbox 6 2317 1157 4276">
    <p class='ocr_par' dir='ltr' id='par_1_9' title="bbox 146 2317 612 2375">
     <span class='ocr_line' id='line_1_22' title="bbox 146 2317 612 2375; baseline -0.006 0"><span class='ocrx_word' id='word_1_139' title='bbox 146 2319 274 2375; x_wconf 80' lang='lat' dir='ltr'><strong>Lirimaa</strong></span> <span class='ocrx_word' id='word_1_140' title='bbox 291 2318 352 2374; x_wconf 84' lang='lat' dir='ltr'><strong>Iter</strong></span> <span class='ocrx_word' id='word_1_141' title='bbox 370 2317 504 2372; x_wconf 65' lang='lat' dir='ltr'><strong>Malean.</strong></span> <span class='ocrx_word' id='word_1_142' title='bbox 521 2317 612 2372; x_wconf 78' lang='lat' dir='ltr'><strong>incdit.</strong></span> 
     </span>
    </p>

    <p class='ocr_par' dir='ltr' id='par_1_10' title="bbox 7 2404 1150 2568">
     <span class='ocr_line' id='line_1_23' title="bbox 74 2404 1149 2476; baseline 0.003 -14"><span class='ocrx_word' id='word_1_143' title='bbox 74 2407 197 2462; x_wconf 77' lang='lat' dir='ltr'><strong>Habitat</strong></span> <span class='ocrx_word' id='word_1_144' title='bbox 216 2425 275 2464; x_wconf 88' lang='lat' dir='ltr'><strong>var.</strong></span> <span class='ocrx_word' id='word_1_145' title='bbox 295 2407 309 2459; x_wconf 81' lang='grc' dir='ltr'>δ</span> <span class='ocrx_word' id='word_1_146' title='bbox 328 2409 356 2462; x_wconf 89' lang='lat' dir='ltr'><strong>iu</strong></span> <span class='ocrx_word' id='word_1_147' title='bbox 378 2407 527 2462; x_wconf 76' lang='lat' dir='ltr'><strong>columnia</strong></span> <span class='ocrx_word' id='word_1_148' title='bbox 546 2406 583 2459; x_wconf 89' lang='lat' dir='ltr'><strong>ad</strong></span> <span class='ocrx_word' id='word_1_149' title='bbox 602 2404 730 2472; x_wconf 86' lang='lat' dir='ltr'><strong>Merida,</strong></span> <span class='ocrx_word' id='word_1_150' title='bbox 757 2407 807 2460; x_wconf 91' lang='lat' dir='ltr'><strong>nbi</strong></span> <span class='ocrx_word' id='word_1_151' title='bbox 823 2405 891 2476; x_wconf 79' lang='lat' dir='ltr'><strong>legit</strong></span> <span class='ocrx_word' id='word_1_152' title='bbox 909 2424 971 2462; x_wconf 86' lang='lat' dir='ltr'><strong>eam</strong></span> <span class='ocrx_word' id='word_1_153' title='bbox 990 2409 1026 2463; x_wconf 87' lang='lat' dir='ltr'><strong>ol.</strong></span> <span class='ocrx_word' id='word_1_154' title='bbox 1045 2408 1149 2464; x_wconf 82' lang='lat' dir='ltr'><strong>Morlta</strong></span> 
     </span>
     <span class='ocr_line' id='line_1_24' title="bbox 7 2496 1150 2568; baseline 0.003 -16"><span class='ocrx_word' id='word_1_155' title='bbox 7 2499 229 2568; x_wconf 80' lang='lat' dir='ltr'><strong>ij.Kolrlm.);</strong></span> <span class='ocrx_word' id='word_1_156' title='bbox 248 2514 307 2552; x_wconf 86' lang='lat' dir='ltr'><strong>var.</strong></span> <span class='ocrx_word' id='word_1_157' title='bbox 327 2498 385 2550; x_wconf 76' lang='lat' dir='ltr'><strong>cic</strong></span> <span class='ocrx_word' id='word_1_158' title='bbox 404 2497 521 2551; x_wconf 86' lang='lat' dir='ltr'><strong>Mexico</strong></span> <span class='ocrx_word' id='word_1_159' title='bbox 540 2496 576 2551; x_wconf 88' lang='lat' dir='ltr'><strong>ad</strong></span> <span class='ocrx_word' id='word_1_160' title='bbox 597 2497 749 2552; x_wconf 85' lang='lat' dir='ltr'><strong>Chinantla</strong></span> <span class='ocrx_word' id='word_1_161' title='bbox 768 2514 832 2551; x_wconf 91' lang='lat' dir='ltr'><strong>cum</strong></span> <span class='ocrx_word' id='word_1_162' title='bbox 850 2498 948 2552; x_wconf 81' lang='lat' dir='ltr'><strong>formis</strong></span> <span class='ocrx_word' id='word_1_163' title='bbox 966 2500 1150 2555; x_wconf 78' lang='lat' dir='ltr'><strong>intermediis.</strong></span> 
     </span>
    </p>

    <p class='ocr_par' dir='ltr' id='par_1_11' title="bbox 6 2585 1153 3466">
     <span class='ocr_line' id='line_1_25' title="bbox 77 2585 1150 2660; baseline 0 -18"><span class='ocrx_word' id='word_1_164' title='bbox 77 2591 157 2644; x_wconf 79' lang='lat' dir='ltr'><strong>Oba.</strong></span> <span class='ocrx_word' id='word_1_165' title='bbox 195 2587 342 2642; x_wconf 82' lang='lat' dir='ltr'><strong>Frullonia</strong></span> <span class='ocrx_word' id='word_1_166' title='bbox 365 2587 510 2660; x_wconf 75' lang='lat' dir='ltr'><strong>cyiirdcs&#39;ca</strong></span> <span class='ocrx_word' id='word_1_167' title='bbox 534 2585 679 2653; x_wconf 84' lang='lat' dir='ltr'><strong>originalis</strong></span> <span class='ocrx_word' id='word_1_168' title='bbox 703 2587 843 2656; x_wconf 90' lang='lat' dir='ltr'><strong>eplantls</strong></span> <span class='ocrx_word' id='word_1_169' title='bbox 862 2588 1001 2642; x_wconf 88' lang='lat' dir='ltr'><strong>Leiboldii</strong></span> <span class='ocrx_word' id='word_1_170' title='bbox 1027 2605 1043 2642; x_wconf 92' lang='lat' dir='ltr'><strong>a</strong></span> <span class='ocrx_word' id='word_1_171' title='bbox 1069 2589 1150 2642; x_wconf 85' lang='lat' dir='ltr'><strong>nobis</strong></span> 
     </span>
     <span class='ocr_line' id='line_1_26' title="bbox 7 2677 1150 2748; baseline -0.002 -14"><span class='ocrx_word' id='word_1_172' title='bbox 7 2685 31 2734; x_wconf 78' lang='lat' dir='ltr'><strong>in</strong></span> <span class='ocrx_word' id='word_1_173' title='bbox 45 2680 156 2747; x_wconf 77' lang='lat' dir='ltr'><strong>Pugillo</strong></span> <span class='ocrx_word' id='word_1_174' title='bbox 175 2680 265 2748; x_wconf 88' lang='lat' dir='ltr'><strong>plant.</strong></span> <span class='ocrx_word' id='word_1_175' title='bbox 286 2677 480 2733; x_wconf 77' lang='lat' dir='ltr'><strong>Lehmvlll.</strong></span> <span class='ocrx_word' id='word_1_176' title='bbox 500 2693 528 2745; x_wconf 90' lang='lat' dir='ltr'><strong>p.</strong></span> <span class='ocrx_word' id='word_1_177' title='bbox 547 2681 578 2730; x_wconf 84' lang='grc'><strong>13</strong></span> <span class='ocrx_word' id='word_1_178' title='bbox 604 2677 759 2746; x_wconf 82' lang='lat' dir='ltr'><strong>descripta,</strong></span> <span class='ocrx_word' id='word_1_179' title='bbox 779 2694 833 2730; x_wconf 91' lang='lat' dir='ltr'><strong>non</strong></span> <span class='ocrx_word' id='word_1_180' title='bbox 853 2678 972 2732; x_wconf 79' lang='lat' dir='ltr'><strong>dubiosa</strong></span> <span class='ocrx_word' id='word_1_181' title='bbox 986 2683 1038 2744; x_wconf 88' lang='lat' dir='ltr'><strong>osi,</strong></span> <span class='ocrx_word' id='word_1_182' title='bbox 1055 2686 1150 2732; x_wconf 85' lang='lat' dir='ltr'><strong>tamea</strong></span> 
     </span>
     <span class='ocr_line' id='line_1_27' title="bbox 7 2767 1150 2840; baseline -0.003 -16"><span class='ocrx_word' id='word_1_183' title='bbox 7 2785 103 2824; x_wconf 73' lang='lat' dir='ltr'><strong>omnes</strong></span> <span class='ocrx_word' id='word_1_184' title='bbox 130 2769 235 2822; x_wconf 87' lang='lat' dir='ltr'><strong>iorrnae</strong></span> <span class='ocrx_word' id='word_1_185' title='bbox 261 2767 438 2833; x_wconf 82' lang='lat' dir='ltr'><strong>consimiles,</strong></span> <span class='ocrx_word' id='word_1_186' title='bbox 464 2783 538 2836; x_wconf 87' lang='lat' dir='ltr'><strong>quac</strong></span> <span class='ocrx_word' id='word_1_187' title='bbox 562 2768 616 2820; x_wconf 82' lang='lat' dir='ltr'><strong>sub</strong></span> <span class='ocrx_word' id='word_1_188' title='bbox 642 2767 754 2822; x_wconf 90' lang='lat' dir='ltr'><strong>nomino</strong></span> <span class='ocrx_word' id='word_1_189' title='bbox 779 2767 851 2832; x_wconf 64' lang='lat' dir='ltr'><strong>„Fa</strong></span> <span class='ocrx_word' id='word_1_190' title='bbox 870 2767 1027 2840; x_wconf 76' lang='lat' dir='ltr'><strong>cylindricce</strong></span> <span class='ocrx_word' id='word_1_191' title='bbox 1043 2768 1150 2836; x_wconf 80' lang='lat' dir='ltr'><strong>offinia“</strong></span> 
     </span>
     <span class='ocr_line' id='line_1_28' title="bbox 6 2855 1152 2928; baseline 0.002 -18"><span class='ocrx_word' id='word_1_192' title='bbox 6 2859 35 2910; x_wconf 89' lang='lat' dir='ltr'><strong>lu</strong></span> <span class='ocrx_word' id='word_1_193' title='bbox 56 2855 204 2912; x_wconf 83' lang='lat' dir='ltr'><strong>Herbarils</strong></span> <span class='ocrx_word' id='word_1_194' title='bbox 228 2857 331 2910; x_wconf 90' lang='lat' dir='ltr'><strong>nostris</strong></span> <span class='ocrx_word' id='word_1_195' title='bbox 358 2863 557 2926; x_wconf 76' lang='lat' dir='ltr'><strong>asservantur,</strong></span> <span class='ocrx_word' id='word_1_196' title='bbox 586 2872 642 2909; x_wconf 89' lang='lat' dir='ltr'><strong>nou</strong></span> <span class='ocrx_word' id='word_1_197' title='bbox 669 2856 784 2911; x_wconf 85' lang='lat' dir='ltr'><strong>omnino</strong></span> <span class='ocrx_word' id='word_1_198' title='bbox 809 2857 845 2910; x_wconf 84' lang='lat' dir='ltr'><strong>cd</strong></span> <span class='ocrx_word' id='word_1_199' title='bbox 864 2855 955 2910; x_wconf 69' lang='lat' dir='ltr'><strong>Fron.</strong></span> <span class='ocrx_word' id='word_1_200' title='bbox 980 2855 1152 2928; x_wconf 74' lang='lat' dir='ltr'><strong>cylindeieam</strong></span> 
     </span>
     <span class='ocr_line' id='line_1_29' title="bbox 7 2945 1149 3016; baseline 0.003 -18"><span class='ocrx_word' id='word_1_201' title='bbox 7 2947 147 3016; x_wconf 83' lang='lat' dir='ltr'><strong>quadrant</strong></span> <span class='ocrx_word' id='word_1_202' title='bbox 166 2962 217 2999; x_wconf 90' lang='lat' dir='ltr'><strong>nec</strong></span> <span class='ocrx_word' id='word_1_203' title='bbox 236 2961 300 2998; x_wconf 91' lang='lat' dir='ltr'><strong>cum</strong></span> <span class='ocrx_word' id='word_1_204' title='bbox 319 2961 354 3002; x_wconf 89' lang='lat' dir='ltr'><strong>ca</strong></span> <span class='ocrx_word' id='word_1_205' title='bbox 372 2945 491 2998; x_wconf 88' lang='lat' dir='ltr'><strong>eandem</strong></span> <span class='ocrx_word' id='word_1_206' title='bbox 510 2945 633 3013; x_wconf 86' lang='lat' dir='ltr'><strong>speciem</strong></span> <span class='ocrx_word' id='word_1_207' title='bbox 653 2945 752 3000; x_wconf 80' lang='lat' dir='ltr'><strong>sistere</strong></span> <span class='ocrx_word' id='word_1_208' title='bbox 778 2953 913 3014; x_wconf 87' lang='lat' dir='ltr'><strong>possunt,</strong></span> <span class='ocrx_word' id='word_1_209' title='bbox 939 2945 993 3000; x_wconf 83' lang='lat' dir='ltr'><strong>nisi</strong></span> <span class='ocrx_word' id='word_1_210' title='bbox 1018 2946 1149 3002; x_wconf 79' lang='lat' dir='ltr'><strong>innume·</strong></span> 
     </span>
     <span class='ocr_line' id='line_1_30' title="bbox 7 3034 1149 3104; baseline -0.001 -15"><span class='ocrx_word' id='word_1_211' title='bbox 7 3053 54 3089; x_wconf 81' lang='lat' dir='ltr'><strong>ras</strong></span> <span class='ocrx_word' id='word_1_212' title='bbox 81 3034 231 3090; x_wconf 83' lang='lat' dir='ltr'><strong>varietates</strong></span> <span class='ocrx_word' id='word_1_213' title='bbox 249 3042 405 3102; x_wconf 76' lang='lat' dir='ltr'><strong>statueres,</strong></span> <span class='ocrx_word' id='word_1_214' title='bbox 429 3035 478 3087; x_wconf 84' lang='lat' dir='ltr'><strong>sed</strong></span> <span class='ocrx_word' id='word_1_215' title='bbox 505 3051 555 3103; x_wconf 88' lang='lat' dir='ltr'><strong>pro</strong></span> <span class='ocrx_word' id='word_1_216' title='bbox 580 3041 706 3103; x_wconf 86' lang='lat' dir='ltr'><strong>tempore</strong></span> <span class='ocrx_word' id='word_1_217' title='bbox 725 3036 822 3104; x_wconf 90' lang='lat' dir='ltr'><strong>pacilo</strong></span> <span class='ocrx_word' id='word_1_218' title='bbox 841 3035 968 3090; x_wconf 86' lang='lat' dir='ltr'><strong>chauticc</strong></span> <span class='ocrx_word' id='word_1_219' title='bbox 987 3035 1042 3088; x_wconf 89' lang='lat' dir='ltr'><strong>huo</strong></span> <span class='ocrx_word' id='word_1_220' title='bbox 1062 3037 1149 3091; x_wconf 87' lang='lat' dir='ltr'><strong>reler-</strong></span> 
     </span>
     <span class='ocr_line' id='line_1_31' title="bbox 7 3123 1152 3195; baseline 0 -17"><span class='ocrx_word' id='word_1_221' title='bbox 7 3137 68 3190; x_wconf 87' lang='lat' dir='ltr'><strong>tur,</strong></span> <span class='ocrx_word' id='word_1_222' title='bbox 87 3143 149 3180; x_wconf 88' lang='lat' dir='ltr'><strong>oum</strong></span> <span class='ocrx_word' id='word_1_223' title='bbox 168 3124 390 3195; x_wconf 83' lang='lat' dir='ltr'><strong>specialissimae</strong></span> <span class='ocrx_word' id='word_1_224' title='bbox 414 3125 498 3177; x_wconf 88' lang='lat' dir='ltr'><strong>huius</strong></span> <span class='ocrx_word' id='word_1_225' title='bbox 522 3123 627 3192; x_wconf 88' lang='lat' dir='ltr'><strong>speciei</strong></span> <span class='ocrx_word' id='word_1_226' title='bbox 645 3123 821 3193; x_wconf 83' lang='lat' dir='ltr'><strong>inquisitioni</strong></span> <span class='ocrx_word' id='word_1_227' title='bbox 842 3141 918 3178; x_wconf 90' lang='lat' dir='ltr'><strong>nunc</strong></span> <span class='ocrx_word' id='word_1_228' title='bbox 938 3132 1050 3194; x_wconf 89' lang='lat' dir='ltr'><strong>tempus</strong></span> <span class='ocrx_word' id='word_1_229' title='bbox 1069 3123 1152 3186; x_wconf 84' lang='lat' dir='ltr'><strong>desit.</strong></span> 
     </span>
     <span class='ocr_line' id='line_1_32' title="bbox 7 3214 1153 3286; baseline -0.003 -16"><span class='ocrx_word' id='word_1_230' title='bbox 7 3225 37 3270; x_wconf 85' lang='lat' dir='ltr'><strong>et</strong></span> <span class='ocrx_word' id='word_1_231' title='bbox 62 3215 203 3270; x_wconf 89' lang='lat' dir='ltr'><strong>innostra</strong></span> <span class='ocrx_word' id='word_1_232' title='bbox 229 3217 406 3286; x_wconf 81' lang='lat' dir='ltr'><strong>expositione</strong></span> <span class='ocrx_word' id='word_1_233' title='bbox 432 3214 461 3268; x_wconf 90' lang='lat' dir='ltr'><strong>in</strong></span> <span class='ocrx_word' id='word_1_234' title='bbox 482 3214 621 3268; x_wconf 74' lang='lat' dir='ltr'><strong>Liciniani</strong></span> <span class='ocrx_word' id='word_1_235' title='bbox 640 3215 743 3269; x_wconf 80' lang='lat' dir='ltr'><strong>Itirsere</strong></span> <span class='ocrx_word' id='word_1_236' title='bbox 762 3215 901 3270; x_wconf 78' lang='lat' dir='ltr'><strong>Meeioaao</strong></span> <span class='ocrx_word' id='word_1_237' title='bbox 926 3215 976 3270; x_wconf 87' lang='lat' dir='ltr'><strong>has</strong></span> <span class='ocrx_word' id='word_1_238' title='bbox 1002 3215 1153 3270; x_wconf 86' lang='lat' dir='ltr'><strong>varietates</strong></span> 
     </span>
     <span class='ocr_line' id='line_1_33' title="bbox 7 3303 1153 3375; baseline -0.003 -14"><span class='ocrx_word' id='word_1_239' title='bbox 7 3307 173 3375; x_wconf 88' lang='lat' dir='ltr'><strong>scrupulose</strong></span> <span class='ocrx_word' id='word_1_240' title='bbox 198 3306 373 3374; x_wconf 73' lang='lat' dir='ltr'><strong>distinguere</strong></span> <span class='ocrx_word' id='word_1_241' title='bbox 397 3305 522 3369; x_wconf 87' lang='lat' dir='ltr'><strong>iuvabit;</strong></span> <span class='ocrx_word' id='word_1_242' title='bbox 552 3313 646 3360; x_wconf 81' lang='lat' dir='ltr'><strong>tamen</strong></span> <span class='ocrx_word' id='word_1_243' title='bbox 678 3304 751 3360; x_wconf 82' lang='lat' dir='ltr'><strong>duas</strong></span> <span class='ocrx_word' id='word_1_244' title='bbox 778 3305 883 3360; x_wconf 80' lang='lat' dir='ltr'><strong>formas</strong></span> <span class='ocrx_word' id='word_1_245' title='bbox 903 3305 1074 3363; x_wconf 81' lang='lat' dir='ltr'><strong>Mcxicanaa</strong></span> <span class='ocrx_word' id='word_1_246' title='bbox 1100 3303 1153 3360; x_wconf 84' lang='lat' dir='ltr'><strong>huc</strong></span> 
     </span>
     <span class='ocr_line' id='line_1_34' title="bbox 8 3395 1093 3466; baseline 0.005 -19"><span class='ocrx_word' id='word_1_247' title='bbox 8 3395 72 3448; x_wconf 92' lang='lat' dir='ltr'><strong>loco</strong></span> <span class='ocrx_word' id='word_1_248' title='bbox 91 3395 200 3450; x_wconf 88' lang='lat' dir='ltr'><strong>nominc</strong></span> <span class='ocrx_word' id='word_1_249' title='bbox 220 3396 335 3466; x_wconf 90' lang='lat' dir='ltr'><strong>proprio</strong></span> <span class='ocrx_word' id='word_1_250' title='bbox 354 3395 476 3466; x_wconf 81' lang='lat' dir='ltr'><strong>allegare</strong></span> <span class='ocrx_word' id='word_1_251' title='bbox 497 3395 639 3450; x_wconf 81' lang='lat' dir='ltr'><strong>volumus:</strong></span> <span class='ocrx_word' id='word_1_252' title='bbox 1090 3435 1093 3442; x_wconf 85' lang='lat'>-</span> 
     </span>
    </p>

    <p class='ocr_par' dir='ltr' id='par_1_12' title="bbox 128 3483 1032 3552">
     <span class='ocr_line' id='line_1_35' title="bbox 128 3483 1032 3552; baseline 0 -14"><span class='ocrx_word' id='word_1_253' title='bbox 128 3483 155 3538; x_wconf 89' lang='lat' dir='ltr'><strong>b.</strong></span> <span class='ocrx_word' id='word_1_254' title='bbox 193 3486 417 3540; x_wconf 68' lang='lat' dir='ltr'><strong>linationem</strong></span> <span class='ocrx_word' id='word_1_255' title='bbox 433 3483 728 3540; x_wconf 70' lang='lat' dir='ltr'><strong>maradoeemss</strong></span> <span class='ocrx_word' id='word_1_256' title='bbox 746 3483 836 3552; x_wconf 77' lang='lat' dir='ltr'><strong>Ldbg.</strong></span> <span class='ocrx_word' id='word_1_257' title='bbox 848 3489 876 3538; x_wconf 89' lang='lat' dir='ltr'><strong>et</strong></span> <span class='ocrx_word' id='word_1_258' title='bbox 886 3483 1032 3538; x_wconf 84' lang='lat' dir='ltr'><strong>Gottsohe.</strong></span> 
     </span>
    </p>

    <p class='ocr_par' dir='ltr' id='par_1_13' title="bbox 10 3571 1157 4276">
     <span class='ocr_line' id='line_1_36' title="bbox 83 3571 1154 3645; baseline -0.002 -18"><span class='ocrx_word' id='word_1_259' title='bbox 83 3573 171 3628; x_wconf 76' lang='lat' dir='ltr'><strong>Caviis</strong></span> <span class='ocrx_word' id='word_1_260' title='bbox 189 3591 306 3645; x_wconf 87' lang='lat' dir='ltr'><strong>repens,</strong></span> <span class='ocrx_word' id='word_1_261' title='bbox 326 3574 567 3642; x_wconf 86' lang='lat' dir='ltr'><strong>subtripinnatus,</strong></span> <span class='ocrx_word' id='word_1_262' title='bbox 585 3574 654 3626; x_wconf 87' lang='lat' dir='ltr'><strong>rami</strong></span> <span class='ocrx_word' id='word_1_263' title='bbox 675 3571 822 3627; x_wconf 80' lang='lat' dir='ltr'><strong>inferiores</strong></span> <span class='ocrx_word' id='word_1_264' title='bbox 840 3572 1021 3638; x_wconf 69' lang='lat' dir='ltr'><strong>subdemeri,</strong></span> <span class='ocrx_word' id='word_1_265' title='bbox 1040 3571 1154 3626; x_wconf 89' lang='lat' dir='ltr'><strong>indivisi</strong></span> 
     </span>
     <span class='ocr_line' id='line_1_37' title="bbox 10 3661 1152 3733; baseline -0.007 -13"><span class='ocrx_word' id='word_1_266' title='bbox 10 3664 57 3720; x_wconf 89' lang='lat' dir='ltr'><strong>vel</strong></span> <span class='ocrx_word' id='word_1_267' title='bbox 76 3665 186 3718; x_wconf 84' lang='lat' dir='ltr'><strong>ramulis</strong></span> <span class='ocrx_word' id='word_1_268' title='bbox 206 3665 339 3720; x_wconf 87' lang='lat' dir='ltr'><strong>brevibus</strong></span> <span class='ocrx_word' id='word_1_269' title='bbox 359 3662 526 3733; x_wconf 83' lang='lat' dir='ltr'><strong>simpliciter</strong></span> <span class='ocrx_word' id='word_1_270' title='bbox 542 3661 670 3733; x_wconf 85' lang='lat' dir='ltr'><strong>pinnati,</strong></span> <span class='ocrx_word' id='word_1_271' title='bbox 695 3661 820 3732; x_wconf 89' lang='lat' dir='ltr'><strong>supremi</strong></span> <span class='ocrx_word' id='word_1_272' title='bbox 840 3661 1063 3730; x_wconf 83' lang='lat' dir='ltr'><strong>patenti-erecti</strong></span> <span class='ocrx_word' id='word_1_273' title='bbox 1082 3662 1152 3713; x_wconf 89' lang='lat' dir='ltr'><strong>sub·</strong></span> 
     </span>
     <span class='ocr_line' id='line_1_38' title="bbox 11 3749 1155 3824; baseline -0.005 -16"><span class='ocrx_word' id='word_1_274' title='bbox 11 3755 147 3823; x_wconf 88' lang='lat' dir='ltr'><strong>bipinnati</strong></span> <span class='ocrx_word' id='word_1_275' title='bbox 166 3754 312 3824; x_wconf 75' lang='lat' dir='ltr'><strong>fastigiati.</strong></span> <span class='ocrx_word' id='word_1_276' title='bbox 350 3753 432 3809; x_wconf 82' lang='lat' dir='ltr'><strong>Folia</strong></span> <span class='ocrx_word' id='word_1_277' title='bbox 456 3761 533 3807; x_wconf 85' lang='lat' dir='ltr'><strong>arcte</strong></span> <span class='ocrx_word' id='word_1_278' title='bbox 557 3752 723 3819; x_wconf 86' lang='lat' dir='ltr'><strong>imbricata,</strong></span> <span class='ocrx_word' id='word_1_279' title='bbox 751 3757 854 3818; x_wconf 86' lang='lat' dir='ltr'><strong>ovata,</strong></span> <span class='ocrx_word' id='word_1_280' title='bbox 883 3749 1044 3819; x_wconf 83' lang='lat' dir='ltr'><strong>spiculata,</strong></span> <span class='ocrx_word' id='word_1_281' title='bbox 1073 3749 1155 3817; x_wconf 84' lang='lat' dir='ltr'><strong>apice</strong></span> 
     </span>
     <span class='ocr_line' id='line_1_39' title="bbox 12 3838 1155 3913; baseline -0.007 -13"><span class='ocrx_word' id='word_1_282' title='bbox 12 3846 132 3908; x_wconf 83' lang='lat' dir='ltr'><strong>inflexa,</strong></span> <span class='ocrx_word' id='word_1_283' title='bbox 163 3860 227 3900; x_wconf 88' lang='lat' dir='ltr'><strong>raro</strong></span> <span class='ocrx_word' id='word_1_284' title='bbox 260 3845 416 3913; x_wconf 83' lang='lat' dir='ltr'><strong>explanata</strong></span> <span class='ocrx_word' id='word_1_285' title='bbox 447 3849 477 3897; x_wconf 88' lang='lat' dir='ltr'><strong>et</strong></span> <span class='ocrx_word' id='word_1_286' title='bbox 503 3843 549 3896; x_wconf 85' lang='lat' dir='ltr'><strong>vel</strong></span> <span class='ocrx_word' id='word_1_287' title='bbox 583 3841 737 3896; x_wconf 79' lang='lat' dir='ltr'><strong>rotundato</strong></span> <span class='ocrx_word' id='word_1_288' title='bbox 767 3841 812 3894; x_wconf 85' lang='lat' dir='ltr'><strong>vel</strong></span> <span class='ocrx_word' id='word_1_289' title='bbox 844 3839 955 3907; x_wconf 76' lang='lat' dir='ltr'><strong>longius</strong></span> <span class='ocrx_word' id='word_1_290' title='bbox 984 3838 1155 3893; x_wconf 82' lang='lat' dir='ltr'><strong>acuminata.</strong></span> 
     </span>
     <span class='ocr_line' id='line_1_40' title="bbox 15 3927 1155 4003; baseline -0.007 -13"><span class='ocrx_word' id='word_1_291' title='bbox 15 3934 162 3990; x_wconf 77' lang='lat' dir='ltr'><strong>Anniculae</strong></span> <span class='ocrx_word' id='word_1_292' title='bbox 176 3933 252 3988; x_wconf 89' lang='lat' dir='ltr'><strong>cauli</strong></span> <span class='ocrx_word' id='word_1_293' title='bbox 267 3933 493 4003; x_wconf 75' lang='lat' dir='ltr'><strong>approximatur,</strong></span> <span class='ocrx_word' id='word_1_294' title='bbox 508 3933 693 3997; x_wconf 87' lang='lat' dir='ltr'><strong>lanceolatao,</strong></span> <span class='ocrx_word' id='word_1_295' title='bbox 705 3929 921 3994; x_wconf 84' lang='lat' dir='ltr'><strong>canaliculatae,</strong></span> <span class='ocrx_word' id='word_1_296' title='bbox 937 3927 999 3982; x_wconf 79' lang='lat' dir='ltr'><strong>basi</strong></span> <span class='ocrx_word' id='word_1_297' title='bbox 1012 3928 1155 3992; x_wconf 83' lang='lat' dir='ltr'><strong>incurvae,</strong></span> 
     </span>
     <span class='ocr_line' id='line_1_41' title="bbox 17 4016 1157 4094; baseline -0.006 -16"><span class='ocrx_word' id='word_1_298' title='bbox 17 4031 127 4090; x_wconf 84' lang='lat' dir='ltr'><strong>acutae,</strong></span> <span class='ocrx_word' id='word_1_299' title='bbox 144 4024 296 4094; x_wconf 83' lang='lat' dir='ltr'><strong>pleraeque</strong></span> <span class='ocrx_word' id='word_1_300' title='bbox 315 4029 422 4088; x_wconf 83' lang='lat' dir='ltr'><strong>tectae,</strong></span> <span class='ocrx_word' id='word_1_301' title='bbox 447 4023 601 4076; x_wconf 85' lang='lat' dir='ltr'><strong>nonnullae</strong></span> <span class='ocrx_word' id='word_1_302' title='bbox 619 4017 816 4089; x_wconf 74' lang='lat' dir='ltr'><strong>longissimae,</strong></span> <span class='ocrx_word' id='word_1_303' title='bbox 839 4017 1011 4072; x_wconf 84' lang='lat' dir='ltr'><strong>ramulorum</strong></span> <span class='ocrx_word' id='word_1_304' title='bbox 1029 4016 1157 4085; x_wconf 78' lang='lat' dir='ltr'><strong>inprimis</strong></span> 
     </span>
     <span class='ocr_line' id='line_1_42' title="bbox 18 4106 1156 4182; baseline -0.007 -13"><span class='ocrx_word' id='word_1_305' title='bbox 18 4113 169 4182; x_wconf 85' lang='lat' dir='ltr'><strong>superiores</strong></span> <span class='ocrx_word' id='word_1_306' title='bbox 185 4111 501 4180; x_wconf 67' lang='lat' dir='ltr'><strong>devoto-cylindrioae,</strong></span> <span class='ocrx_word' id='word_1_307' title='bbox 528 4111 566 4165; x_wconf 86' lang='lat' dir='ltr'><strong>clv</strong></span> <span class='ocrx_word' id='word_1_308' title='bbox 584 4109 786 4178; x_wconf 65' lang='lat' dir='ltr'><strong>amphipastda</strong></span> <span class='ocrx_word' id='word_1_309' title='bbox 803 4109 913 4162; x_wconf 88' lang='lat' dir='ltr'><strong>minora</strong></span> <span class='ocrx_word' id='word_1_310' title='bbox 930 4106 1156 4162; x_wconf 86' lang='lat' dir='ltr'><strong>subdeccdatao.</strong></span> 
     </span>
     <span class='ocr_line' id='line_1_43' title="bbox 20 4195 1154 4276; baseline -0.011 -16"><span class='ocrx_word' id='word_1_311' title='bbox 20 4203 215 4276; x_wconf 71' lang='lat' dir='ltr'><strong>Ampiipasnia</strong></span> <span class='ocrx_word' id='word_1_312' title='bbox 230 4207 334 4256; x_wconf 73' lang='lat' dir='ltr'><strong>exacte</strong></span> <span class='ocrx_word' id='word_1_313' title='bbox 357 4207 389 4254; x_wconf 89' lang='lat' dir='ltr'><strong>ut</strong></span> <span class='ocrx_word' id='word_1_314' title='bbox 407 4200 437 4256; x_wconf 90' lang='lat' dir='ltr'><strong>in</strong></span> <span class='ocrx_word' id='word_1_315' title='bbox 456 4201 508 4257; x_wconf 82' lang='lat' dir='ltr'><strong>Fr.</strong></span> <span class='ocrx_word' id='word_1_316' title='bbox 528 4199 681 4272; x_wconf 75' lang='lat' dir='ltr'><strong>cylindrieo.</strong></span> <span class='ocrx_word' id='word_1_317' title='bbox 719 4198 801 4254; x_wconf 79' lang='lat' dir='ltr'><strong>Folia</strong></span> <span class='ocrx_word' id='word_1_318' title='bbox 818 4195 991 4252; x_wconf 70' lang='lat' dir='ltr'><strong>iamiaeealv&#39;a</strong></span> <span class='ocrx_word' id='word_1_319' title='bbox 1009 4209 1074 4250; x_wconf 87' lang='lat' dir='ltr'><strong>cum</strong></span> <span class='ocrx_word' id='word_1_320' title='bbox 1092 4209 1154 4248; x_wconf 82' lang='lat' dir='ltr'><strong>am-</strong></span> 
     </span>
    </p>
   </div>
   <div class='ocr_carea' id='block_1_5' title="bbox 21 4283 1158 4629">
    <p class='ocr_par' dir='ltr' id='par_1_14' title="bbox 21 4283 1158 4629">
     <span class='ocr_line' id='line_1_44' title="bbox 21 4283 1156 4363; baseline -0.006 -18"><span class='ocrx_word' id='word_1_321' title='bbox 21 4291 167 4363; x_wconf 75' lang='lat' dir='ltr'><strong>phigastrio</strong></span> <span class='ocrx_word' id='word_1_322' title='bbox 192 4293 387 4358; x_wconf 80' lang='lat' dir='ltr'><strong>subconncta,</strong></span> <span class='ocrx_word' id='word_1_323' title='bbox 416 4291 528 4356; x_wconf 82' lang='lat' dir='ltr'><strong>bilolva,</strong></span> <span class='ocrx_word' id='word_1_324' title='bbox 556 4291 632 4345; x_wconf 77' lang='lat' dir='ltr'><strong>tolvia</strong></span> <span class='ocrx_word' id='word_1_325' title='bbox 657 4289 686 4344; x_wconf 87' lang='lat' dir='ltr'><strong>ic</strong></span> <span class='ocrx_word' id='word_1_326' title='bbox 710 4301 830 4344; x_wconf 85' lang='lat' dir='ltr'><strong>acumen</strong></span> <span class='ocrx_word' id='word_1_327' title='bbox 855 4287 1019 4340; x_wconf 79' lang='lat' dir='ltr'><strong>sulsclatanr</strong></span> <span class='ocrx_word' id='word_1_328' title='bbox 1043 4283 1156 4352; x_wconf 76' lang='lat' dir='ltr'><strong>longius</strong></span> 
     </span>
     <span class='ocr_line' id='line_1_45' title="bbox 22 4373 1156 4452; baseline -0.007 -17"><span class='ocrx_word' id='word_1_329' title='bbox 22 4382 156 4452; x_wconf 79' lang='lat' dir='ltr'><strong>productis</strong></span> <span class='ocrx_word' id='word_1_330' title='bbox 172 4381 368 4450; x_wconf 67' lang='lat' dir='ltr'><strong>integerrimis.</strong></span> <span class='ocrx_word' id='word_1_331' title='bbox 410 4380 601 4434; x_wconf 78' lang='lat' dir='ltr'><strong>Pericatiriverr</strong></span> <span class='ocrx_word' id='word_1_332' title='bbox 618 4377 853 4442; x_wconf 74' lang='lat' dir='ltr'><strong>centenarium,</strong></span> <span class='ocrx_word' id='word_1_333' title='bbox 878 4375 937 4430; x_wconf 84' lang='lat' dir='ltr'><strong>late</strong></span> <span class='ocrx_word' id='word_1_334' title='bbox 961 4373 1156 4443; x_wconf 72' lang='lat' dir='ltr'><strong>cylindricnm,</strong></span> 
     </span>
     <span class='ocr_line' id='line_1_46' title="bbox 25 4464 1158 4542; baseline -0.005 -17"><span class='ocrx_word' id='word_1_335' title='bbox 25 4473 99 4542; x_wconf 85' lang='lat' dir='ltr'><strong>apice</strong></span> <span class='ocrx_word' id='word_1_336' title='bbox 115 4476 285 4526; x_wconf 87' lang='lat' dir='ltr'><strong>attenuatum</strong></span> <span class='ocrx_word' id='word_1_337' title='bbox 299 4469 328 4525; x_wconf 87' lang='lat' dir='ltr'><strong>in</strong></span> <span class='ocrx_word' id='word_1_338' title='bbox 341 4477 462 4527; x_wconf 84' lang='lat' dir='ltr'><strong>rostram</strong></span> <span class='ocrx_word' id='word_1_339' title='bbox 479 4467 678 4526; x_wconf 81' lang='lat' dir='ltr'><strong>rcciluacalcrn</strong></span> <span class='ocrx_word' id='word_1_340' title='bbox 692 4467 872 4538; x_wconf 84' lang='lat' dir='ltr'><strong>productum.</strong></span> <span class='ocrx_word' id='word_1_341' title='bbox 894 4464 1046 4536; x_wconf 69' lang='lat' dir='ltr'><strong>(licliman</strong></span> <span class='ocrx_word' id='word_1_342' title='bbox 1063 4481 1092 4520; x_wconf 84' lang='lat' dir='ltr'><strong>u.</strong></span> <span class='ocrx_word' id='word_1_343' title='bbox 1107 4467 1158 4520; x_wconf 84' lang='lat' dir='ltr'><strong>tro</strong></span> 
     </span>
     <span class='ocr_line' id='line_1_47' title="bbox 27 4558 302 4629; baseline -0.011 -13"><span class='ocrx_word' id='word_1_344' title='bbox 27 4561 60 4616; x_wconf 88' lang='lat' dir='ltr'><strong>ad</strong></span> <span class='ocrx_word' id='word_1_345' title='bbox 78 4560 195 4617; x_wconf 85' lang='lat' dir='ltr'><strong>ldirador</strong></span> <span class='ocrx_word' id='word_1_346' title='bbox 214 4558 302 4629; x_wconf 67' lang='lat' dir='ltr'><strong>legit.)</strong></span> 
     </span>
    </p>
   </div>
   <div class='ocr_carea' id='block_1_6' title="bbox 0 0 1457 5096">
    <p class='ocr_par' dir='ltr' id='par_1_15' title="bbox 0 0 1457 5096">
     <span class='ocr_line' id='line_1_48' title="bbox 0 0 1457 5096; baseline 0 0"><span class='ocrx_word' id='word_1_347' title='bbox 0 0 1457 5096; x_wconf 95' lang='lat' dir='ltr'><strong> </strong></span> 
     </span>
    </p>
   </div>
  </div>
 </body>
</html>
