3060 5094
262 435 318 486 556
743 424 920 480 Fimbriaria.

263 597 369 653 frondis
382 601 476 650 coetae
488 593 602 664 penitus
615 593 747 648 immersa
761 601 846 664 atque
859 595 966 658 innata,
975 591 1147 662 cpiderntide
1159 599 1244 660 tecta,
1256 593 1406 664 papilione.

263 687 362 743 henli
387 683 556 751 antherigsri
574 683 730 749 distantes,
749 684 852 749 erecti,
882 683 909 738 in
933 683 1036 740 coiinm
1056 683 1202 738 attenuati.
1241 684 1407 754 Apparatus

263 771 428 842 gemmipari
446 772 524 826 nuiii.

334 861 486 928 vegetatio
502 857 648 926 frondosa,
668 866 717 914 aut
736 865 795 914 toto
814 867 864 914 ant
876 859 1033 914 secundum
1052 859 1155 914 tineam
1168 858 1290 914 mediam
1305 861 1407 916 saitem
1521 857 1522 888 ³

261 949 420 1006 incrassate
438 956 468 1006 et
485 956 545 1005 tum
563 963 630 1004 vero
649 947 931 1014 costato-casinate,
952 947 1036 1002 bifida
1057 953 1107 1003 unt
1125 964 1162 1002 ex
1181 950 1262 1018 apice
1281 951 1404 1020 emargi-

262 1044 329 1094 nato
346 1040 501 1104 innovans,
526 1036 676 1093 mediocris
695 1045 746 1092 aut
763 1054 868 1107 parva,
892 1037 1039 1106 superficie
1065 1037 1212 1091 confertim
1237 1047 1267 1094 at
1285 1040 1407 1096 obscura

262 1134 291 1184 et
310 1129 438 1184 obsoiete
456 1127 614 1191 reticulata,
633 1126 766 1182 distincte
785 1143 900 1196 perosa,
918 1126 1019 1181 subtus
1037 1141 1188 1196 squamosa
1205 1127 1332 1196 squamis
1348 1128 1404 1182 im-

262 1216 378 1271 bricatis
396 1216 487 1284 magis
505 1215 634 1268 minusve
652 1215 827 1285 conspicuis3
845 1215 925 1270 strati
945 1214 1081 1284 hypopori
1095 1215 1233 1270 cavitates
1245 1216 1407 1282 distinctae,
1522 1233 1523 1258 1

261 1305 417 1374 parietibus
443 1303 636 1358 validiuscuiis
665 1303 800 1359 interiore
830 1318 927 1358 uersus
954 1303 1075 1372 hyaiinis
1101 1300 1175 1357 inira
1202 1301 1406 1372 epidermidcm

261 1393 403 1450 coloratis.

333 1482 484 1536 Piantuiae
502 1481 676 1550 rupinooiae,
696 1480 852 1548 terricolae,
872 1480 1052 1545 muscicoiae,
1070 1477 1101 1534 in
1115 1477 1258 1534 montibus
1274 1480 1404 1549 cipibus-

260 1586 316 1640 que
335 1576 392 1624 tam
408 1569 558 1638 *regionum
578 1568 747 1638 tropicarum
768 1586 852 1641 quern
872 1568 1126 1637 extratropicerum
1146 1575 1316 1624 crescentes.

333 1658 450 1728 Species
468 1659 599 1728 cognitae
618 1667 684 1713 sunt
701 1664 746 1712 2⁴2.
785 1659 896 1714 Harum
912 1664 929 1714 7
948 1663 1080 1712 crescunt
1091 1657 1121 1711 in
1132 1657 1256 1726 Europe,
1277 1656 1328 1722 (ad
1346 1655 1371 1724 ς.
1393 1660 1403 1708 1

260 1746 453 1816 pertinente,
482 1748 518 1802 ad
537 1751 562 1814 §.
581 1753 614 1812 2,
645 1753 674 1811 1,
702 1745 813 1800 illarum
834 1754 927 1802 autem
946 1763 1019 1810 nne.
1046 1747 1106 1801 scii.
1125 1746 1162 1799 1³.
1179 1743 1280 1816 clepens
1297 1752 1358 1799 tum
1378 1747 1407 1800 in

261 1837 388 1902 Corsica,
407 1842 465 1891 tum
483 1836 514 1890 in
533 1836 631 1892 Insuia
654 1834 822 1904 Hispanioia
841 1836 1008 1904 invenitur).
1046 1835 1164 1904 Species
1184 1835 1334 1890 Africanas
1353 1837 1407 1890 ira·

258 1925 359 1980 bemus
378 1931 411 1990 a,
442 1929 458 1979 1
483 1942 520 1979 ex
543 1925 639 1980 insuia
659 1922 802 1991 Mauritii‚
833 1929 846 1978 1
875 1941 891 1978 e
920 1924 1116 1978 Promontorio
1143 1925 1241 1980 Bonae
1265 1925 1349 1994 Spei,
1377 1933 1408 1980 et

260 2013 313 2090 luae
340 2013 454 2082 quidem
484 2014 593 2084 primae
618 2021 685 2068 sunt
710 2012 862 2079 sectioni„
897 2018 909 2066 1
936 2014 964 2066 in
988 2013 1120 2081 Alperio,
1155 2017 1168 2066 1
1198 2013 1227 2067 in
1251 2013 1406 2081 Abyssinia

260 2108 406 2166 crescunt,
440 2117 559 2174 quarum
595 2095 684 2157 attera
718 2101 820 2156 tertiae
859 2107 903 2156 est
933 2100 1076 2156 sectionis.
1128 2100 1228 2155 Indiae
1258 2101 1406 2156 orientalis

259 2191 388 2259 regiones
423 2193 549 2261 tropicae
581 2199 610 2245 et
638 2183 789 2246 calidiores
820 2189 930 2258 species
959 2189 1090 2259 proprias
1123 2190 1230 2244 habent
1255 2194 1289 2254 ὃ,
1331 2207 1407 2260 qnae
1524 2239 1525 2250 ,

259 2296 357 2335 omnes
387 2297 402 2333 e
429 2281 570 2335 montanis
604 2279 764 2349 aipinisqne
800 2279 971 2333 continentis
1005 2279 1119 2332 adiutos
1155 2285 1223 2332 sunt
1249 2295 1407 2349 cantuque

262 2374 273 2422 1
297 2371 333 2422 ad
358 2369 512 2424 sectionem
537 2365 670 2437 primam,
698 2374 716 2423 4
741 2368 777 2423 sd
805 2368 960 2423 secundum
989 2369 1140 2438 pertinent.
1183 2369 1253 2423 Asia
1282 2368 1407 2422 boreaiis

259 2457 489 2530 (Kamtschntira)
507 2459 629 2527 speciem
653 2463 664 2512 i
685 2457 798 2523 tribuit,
818 2457 950 2512 America
969 2457 1195 2527 septentrionaiis
1215 2462 1245 2522 i,
1272 2455 1405 2510 Amorion

259 2547 367 2616 tropica
392 2546 544 2619 (Brasiiia,
568 2545 683 2600 insuiae
702 2547 851 2600 American
875 2547 1087 2615 occidentalis),
1112 2546 1190 2600 siF.
1209 2545 1350 2614 eloy-nrm
1375 2547 1405 2598 in

258 2635 373 2703 Europa
390 2651 502 2706 quoqne
519 2643 699 2716 crescentem¹
710 2635 868 2700 adiicientes,
886 2641 906 2692 t
923 2637 981 2690 sere
999 2637 1125 2705 speeies,
1151 2650 1271 2707 quarum
1293 2639 1313 2688 2
1336 2643 1405 2688 sunt

258 2723 375 2791 primae,
390 2725 518 2779 ttertiae
537 2725 680 2780 sectionis.
719 2725 743 2778 E
762 2724 1010 2780 Nevalioiianriis
1028 2739 1087 2778 uns
1105 2725 1257 2779 adnotatur
1274 2723 1400 2792 speeies:

258 2827 274 2866 e
302 2811 384 2867 Nova
412 2813 567 2869 Zeeiandia
593 2831 679 2868 unam
714 2815 909 2882 cognovimns.
967 2813 1139 2881 „Singciare
1170 2811 1282 2868 ridetur
1312 2827 1403 2878 genus

258 2900 310 2955 hcc
329 2901 357 2954 in
378 2909 496 2973 utraque
514 2903 711 2972 hemisphaera
730 2903 806 2957 orbis
824 2910 962 2957 terrarum
983 2911 1013 2957 et
1031 2903 1060 2956 in
1079 2903 1154 2957 omni
1173 2903 1235 2957 eius
1254 2901 1404 2954 intitutiine

259 2989 433 3057 indigenum,
450 2991 480 3044 in
493 2991 658 3046 Britanniae
670 2992 770 3046 insutis
781 2992 928 3062 hucusque
944 3007 999 3046 non
1018 3007 1082 3045 esse
1101 2992 1276 3046 inuentum.“
1297 2990 1405 3058 (Tayi.)

294 3129 318 3182 1.
357 3128 475 3197 Species
493 3129 643 3197 genuinae,
670 3132 828 3199 perianthio
846 3132 1021 3189 involucrum
1041 3133 1186 3188 evidenter
1205 3141 1366 3202 superante.

596 3253 619 3317 §.
641 3229 678 3306 1.Υ
702 3253 864 3308 Pmmsths'e
881 3255 1059 3326 dependentis.

520 3363 542 3410 1.
580 3359 830 3416 mammos-sa
846 3361 1039 3432 Romam
1059 3359 1146 3413 Meet.

329 3463 363 3516 F.
380 3462 479 3534 fronde
507 3462 603 3517 lineari
625 3465 739 3538 sinnius
750 3468 912 3540 furentesque
935 3465 1025 3520 subtus
1043 3484 1151 3519 concern
1174 3484 1310 3538 squamosa
1326 3479 1402 3522 atro·

251 3569 389 3624 purpurea
413 3571 494 3624 supro
520 3553 601 3606 viridi
628 3553 768 3628 subporoso
795 3553 957 3624 nsorpiuibus
984 3555 1101 3609 siccitate
1124 3553 1261 3621 involutis,
1285 3567 1403 3626 recepto-

256 3637 313 3691 colo
322 3637 439 3709 stamineo
456 3659 563 3694 conum
579 3659 673 3711 rupero
689 3646 791 3714 sospites
809 3643 902 3696 trilobo
918 3641 1008 3697 mittes
1020 3643 1135 3708 barino,
1149 3645 1403 3716 moneoque-0,

252 3729 410 3797 meritiis
426 3731 543 3800 oetpfidr's
560 3731 664 3785 laciniis
681 3735 755 3804 apice
772 3731 972 3786 coltemtt'bw.

398 3819 555 3872 Fimbrisris
578 3821 695 3889 Borysnr
722 3821 811 3874 Meet.
839 3819 913 3874 Ueni.
935 3820 974 3892 pi.
998 3819 1052 3874 seli.
1077 3823 1106 3874 in
1131 3823 1204 3876 Ant.
1230 3825 1275 3876 des
1290 3841 1325 3876 sc.
1345 3835 1402 3878 nat.

462 3913 490 3962 2.
509 3909 594 3962 Sisa's.
614 3909 671 3964 tx.
692 3909 802 3977 (1838.)
816 3925 848 3980 p.
867 3913 912 3962 41.
931 3925 958 3961 rr.
978 3912 1022 3963 ii.

399 3997 557 4048 Marchantia
577 3998 774 4066 syngenesicr⁰i
794 3996 870 4068 Bury
887 3995 971 4052 dost.
985 3997 1058 4051 Vt'stc.
1083 3997 1145 4070 Voy.
1164 4001 1232 4053 dots
1249 3999 1286 4054 lca
1298 4011 1404 4071 ottotrcs

458 4085 620 4158 prim-ipsiu
637 4085 684 4140 iles
702 4087 745 4140 des
761 4103 831 4139 maru
848 4085 1002 4156 d'Afit'qrse.
1023 4086 1063 4140 11.
1079 4104 1109 4157 p.
1128 4091 1174 4142 aa
1214 4086 1285 4140 wei.
1299 4087 1403 4142 Prodat

458 4191 487 4244 p.
510 4178 570 4228 lta.

299 4334 325 4398 ⁸¹)
364 4336 468 4390 Nomen
495 4356 509 4386 a
534 4339 651 4400 ,psoium
674 4339 812 4404 parientinii
835 4340 906 4404 apice
933 4339 1164 4402 consumebam,
1191 4357 1254 4406 quas
1284 4341 1404 4392 antheras

364 4442 420 4479 esse
438 4425 547 4493 putabat
565 4441 663 4489 auctor,
682 4427 842 4489 derivatum,
869 4429 1044 4496 improprium
1062 4445 1124 4480 sane
1142 4432 1251 4496 iureque
1270 4445 1318 4479 sno
1337 4447 1351 4478 s
1371 4433 1405 4479 ei.

364 4512 505 4580 Montsgne
535 4527 693 4582 expunctum
721 4529 767 4566 est.
804 4515 891 4568 Verba
919 4530 1006 4568 niuem
1035 4519 1067 4568 el.
1096 4521 1208 4570 auctoris
1235 4517 1299 4570 isaeo
1327 4532 1405 4569 sunt:
