3100 5072
292 361 310 408 1
436 327 439 334 ’
637 355 823 416 hcrobulbus.
862 357 1081 428 SecroscypbusL

291 528 356 583 dno.
394 528 583 584 Peucethism
603 531 719 586 nullum.
757 531 884 604 Gslpptru
908 543 971 592 111111
991 529 1118 586 loliorum
1137 528 1350 587 involueralium
1370 531 1434 586 basi

291 617 439 674 descendit
462 623 492 672 ei
516 619 577 674 abit
599 622 629 674 in
653 627 745 689 torum
769 621 981 684 bulbil'ormem,
1008 627 1132 676 ovatum.
1170 618 1284 674 Pistillu
1310 621 1434 689 primum

290 709 319 761 in
338 707 419 776 apice
436 707 536 774 usulis,
555 711 629 765 intcr
647 711 714 764 lolia
732 711 916 766 involucraiia
935 709 990 764 situ
1008 717 1084 778 sunt,
1103 718 1132 765 et
1143 727 1217 779 quae
1232 710 1338 765 sterilia
1354 719 1434 776 sunt,

291 796 342 852 hoo
362 796 423 852 loco
441 805 610 866 11111111,-
629 800 719 856 fertile
738 805 831 854 autem
850 799 985 869 pistillum
1004 799 1435 857 cnmioiioruminvolucraiiuut

290 885 405 939 basibus
423 888 561 942 concretis
580 889 664 944 altius
682 889 712 943 io
730 889 810 945 bulbi
829 896 953 944 ventrem
972 895 1110 958 penetrat.

361 978 557 1034 Evolutionem
586 978 662 1034 floris
692 980 720 1036 in
751 980 871 1034 iructum
898 979 1142 1034 observationibus
1171 983 1360 1047 prosequutus
1388 985 1436 1032 est

289 1065 463 1122 Gottsebius.
490 1097 527 1107 -
564 1067 686 1124 Plantae
709 1068 845 1124 tumulive
869 1069 994 1122 florentis
1017 1067 1084 1123 lolia
1103 1067 1213 1135 apicem
1232 1081 1330 1120 versus
1349 1066 1435 1122 solito

288 1169 364 1207 more
393 1155 587 1222 magnitudine
613 1163 757 1224 crescunt,
792 1173 903 1212 sursum
936 1156 1092 1212 ascendunt
1124 1155 1242 1210 dimidia
1268 1155 1327 1210 lero
1354 1155 1434 1224 spira

288 1241 435 1312 disposita,
455 1244 573 1317 basique
592 1249 674 1304 iusta
693 1248 800 1302 caulem
820 1246 1228 1303 sinulumcxhibeutmaiorem
1240 1245 1284 1302 vei
1296 1245 1433 1300 minorem

287 1349 343 1401 quo
371 1333 460 1402 magis
492 1337 537 1390 vei
563 1337 708 1406 eriguntur
738 1338 782 1392 vei
811 1336 846 1392 ad
877 1335 1047 1390 horizontem
1076 1335 1289 1404 expanduntur,
1321 1333 1435 1389 accedit

287 1422 447 1476 denticulus
475 1425 609 1494 marginis
633 1427 782 1491 neutralis,
813 1427 861 1496 qui
890 1424 980 1493 magis
1008 1430 1156 1488 curvatus,
1189 1438 1285 1490 margo
1308 1422 1433 1480 dorsalis
1540 1493 1541 1498 η

289 1513 446 1580 subrectus,
467 1515 575 1584 apicem
594 1531 693 1571 versus
712 1515 837 1570 nonnihil
857 1514 999 1583 obliquus.
1038 1513 1125 1566 Sinus
1144 1511 1233 1580 spicis
1252 1511 1324 1564 ludit
1341 1512 1433 1578 magis

286 1600 414 1653 minusve
433 1613 547 1668 acutus;
573 1605 693 1660 laciniae
719 1604 892 1659 lanceolatuo
917 1608 983 1657 suut
1007 1606 1036 1656 et
1053 1606 1163 1655 acutae.
1200 1599 1283 1664 Quae
1302 1602 1434 1670 proxime
1540 1605 1541 1664 ,

287 1695 353 1740 sunt
377 1689 512 1745 involucri
536 1693 610 1748 loliis
636 1695 761 1762 margine
785 1695 861 1749 circu
885 1692 978 1747 sinum
1002 1690 1122 1746 subinde
1148 1690 1327 1744 mdeotuntur
1354 1689 1432 1745 iulia.

290 1775 405 1830 Praeter
424 1779 627 1845 innovationes,
646 1801 661 1836 e
681 1783 786 1838 ventris
804 1782 896 1836 medio
914 1780 958 1835 vei
969 1779 1055 1835 latero
1066 1777 1284 1847 egredientibus,
1303 1779 1434 1834 oriuntur
1540 1843 1541 1846 Ἴ

287 1871 316 1918 et
334 1865 407 1920 aliae
426 1867 497 1923 inira
517 1869 702 1937 involucrum,
720 1873 795 1943 quod
814 1888 880 1926 vero
899 1869 948 1922 nbi
969 1868 1081 1934 accidit,
1100 1869 1152 1922 iios
1165 1866 1308 1923 ebortivus
1325 1868 1432 1925 eredit.
1540 1903 1541 1938 3

289 1955 352 2010 Hoc
372 1957 402 2010 in
421 1963 496 2012 statu
516 1960 642 2027 plantula
663 1969 759 2015 nostra
777 1957 1185 2031 Juagsmcnnaiseinterersdise
1204 1955 1315 2008 cuidem
1332 1958 1433 2012 melori

287 2046 361 2099 haud
382 2046 519 2102 absimilis
538 2056 590 2104 est.
630 2051 737 2104 Pistiila
758 2056 828 2111 toro,
846 2049 920 2102 inter
941 2045 1008 2100 lolia
1026 2044 1208 2100 involucrulia
1221 2049 1290 2100 2-3
1302 2046 1433 2116 speciosa
1540 2031 1541 2102 s

289 2133 352 2198 sito,
373 2135 503 2205 imposita
523 2145 597 2202 sunt,
616 2155 734 2208 quorum
755 2143 813 2193 12-
829 2142 861 2192 14
881 2134 1027 2189 numeravi
1046 2133 1161 2188 sterilia.

358 2225 392 2278 in
418 2233 493 2280 statu
519 2227 606 2296 paulo
628 2225 795 2296 provectiori
822 2223 997 2278 interiectum
1028 2223 1087 2278 vidi
1116 2223 1189 2278 loliis
1211 2224 1433 2282 involucraiibus

286 2311 395 2378 apicem
415 2316 513 2380 caulis,
540 2318 615 2372 houd
634 2335 698 2372 cum
717 2313 830 2387 quidem
849 2315 980 2368 deorsum
999 2313 1164 2383 productum
1185 2319 1214 2366 et
1231 2313 1432 2379 radiculosum,

285 2407 408 2457 attamen
428 2403 493 2458 inde
511 2405 547 2459 ad
567 2422 618 2475 par
636 2406 756 2475 primum
777 2403 905 2458 loliorum
925 2403 1015 2456 caulis
1033 2401 1184 2470 conspicue
1203 2399 1258 2456 iam
1270 2410 1431 2459 extensum.

287 2491 361 2545 Hinc
381 2493 470 2548 caulis
489 2494 573 2562 apici,
598 2511 681 2565 quem
699 2491 894 2562 magnitudine
912 2492 1020 2546 centies
1039 2492 1123 2545 lentis
1140 2507 1195 2560 ope
1214 2497 1327 2544 auctum
1347 2491 1428 2548 iure-

286 2578 370 2632 niiem
396 2597 459 2634 essu
485 2584 640 2653 calyptram
667 2582 814 2652 apparuit,
839 2580 944 2650 pistillo
970 2579 1098 2634 abortivo
1122 2579 1297 2644 insidebant,
1327 2579 1432 2637 lohulis

289 2669 413 2736 duobus,
438 2689 490 2727 ceu
510 2672 627 2740 iolloiis,
647 2672 835 2735 circumdato,
860 2669 954 2741 qualia
974 2669 1002 2723 in
1022 2668 1127 2722 vertice
1145 2668 1287 2737 oalgptrac
1306 2669 1433 2724 Ancurae

283 2762 313 2808 et
334 2757 516 2816 Triniumleae
535 2780 666 2832 generum
687 2760 854 2816 invenimus.
935 2768 936 2771 ’

358 2847 392 2899 ln
416 2849 474 2904 iere
493 2851 625 2918 perlectis
650 2850 771 2919 denique
790 2846 1009 2916 speciminibus,
1034 2861 1152 2914 quorum
1178 2844 1296 2912 capsula
1321 2847 1431 2902 semina
1540 2847 1541 2854 ’

285 2940 422 3002 quaterna
440 2938 619 2994 cohaerentia
638 2948 667 2994 et
685 2941 803 2992 eiatercs
822 2935 944 3005 hispiros
962 2935 1127 3000 exhibebat,
1153 2933 1259 3002 pistillo
1278 2934 1385 2990 sterilis
1404 2945 1433 2990 et

286 3023 362 3078 sicco
390 3043 500 3098 semper
524 3029 597 3082 inter
622 3029 688 3083 iolla
708 3024 892 3080 involucraliu
924 3021 983 3076 vidi
1010 3022 1100 3076 11111111
1126 3021 1228 3076 1111111111
1254 3022 1431 3091 phylloideis,
1540 3069 1541 3082 .

286 3127 343 3182 quo
366 3115 522 3182 colligitur,
555 3117 727 3186 superiorem
749 3118 858 3183 purtem
880 3111 973 3178 iioris,
998 3113 1071 3167 loliis
1097 3112 1317 3168 involuerslibus
1340 3115 1429 3172 inter-

286 3201 398 3270 iectam,
417 3204 446 3258 in
466 3207 584 3275 pristino
603 3211 677 3262 stain
693 3206 804 3275 situque
817 3203 977 3274 persistere,
996 3202 1161 3268 inamoeno,
1180 3201 1433 3272 quaeloiiisdiotis
1540 3261 1541 3266 ,

189 3339 192 3345 .
286 3291 413 3347 subiecta
434 3303 485 3360 cst,
506 3297 611 3351 sacculi
631 3313 680 3351 seu
702 3296 779 3350 bulbi
799 3295 886 3350 torma
906 3294 935 3347 in
954 3291 1045 3348 sulum
1062 3291 1231 3348 descendere
1241 3291 1433 3364 radiculisque
1540 3321 1541 3324 ¹

286 3385 446 3453 conspergi.
486 3386 670 3444 Peduucuius
697 3385 833 3441 infundo
857 3384 941 3437 buius
966 3381 1070 3436 bursae
1087 3379 1185 3434 eodem
1209 3380 1293 3435 modo
1309 3380 1433 3437 insertus

286 3476 421 3538 apparet,
446 3491 503 3544 quo
527 3476 704 3544 pedunculus
731 3476 868 3536 Assorus,
896 3471 1005 3528 scilicet
1028 3469 1144 3524 huibulo
1167 3469 1290 3539 quodam
1313 3469 1433 3526 radiouii

286 3575 397 3614 sursum
419 3564 545 3619 nonnihil
564 3567 723 3619 constricto.
763 3564 850 3616 Deest
867 3561 953 3630 igitur
965 3557 1152 3630 periunthium
1172 3573 1229 3614 uon
1247 3559 1328 3614 aliter
1346 3567 1434 3632 utque
1540 3587 1541 3594 ¹

285 3643 315 3696 iu
338 3647 463 3717 Ancum,
483 3655 602 3708 testibus
625 3653 730 3708 relictis
748 3651 860 3721 pistiiiis
879 3649 1014 3705 abortivis
1032 3648 1062 3703 iu
1080 3647 1186 3702 vertice
1208 3646 1281 3704 iuter
1297 3649 1365 3705 11111
1383 3651 1430 3706 in-

285 3736 402 3798 volucri,

541 3843 605 3910 lV.
651 3841 1027 3931 §arcoseypnun
1071 3841 1171 3908 cord.

319 4029 320 4032 ,
358 3979 396 4033 Ν.
415 3979 447 4032 ab
467 3980 504 4034 Ε.
531 3981 601 4051 Hep.
632 3980 702 4034 Eur.
730 3980 754 4034 1.
782 3996 812 4050 p.
833 3983 885 4034 tau
908 3988 934 4031 ct
956 3981 1014 4032 100.
1041 3995 1068 4032 a.
1087 3983 1114 4034 4.
1158 3978 1195 4032 ii.
1218 3997 1245 4050 p.
1264 3983 1327 4033 417.
1373 3981 1430 4037 tii.

284 4083 310 4134 p.
329 4069 392 4120 514.
428 4067 481 4122 Ν.
502 4087 533 4140 p.
552 4069 641 4124 XXI.
667 4087 694 4125 11.
719 4073 745 4122 ³.
784 4067 910 4124 Endlich.
936 4067 1125 4138 (11111146.
1157 4083 1185 4122 11.
1209 4070 1430 4123 4711111844.

285 4174 312 4208 11.
332 4155 426 4228 47411.

359 4244 553 4301 Perianthium
579 4263 641 4300 curn
668 4244 813 4302 involucro
841 4244 870 4300 iu
894 4245 1036 4301 urceolum
1056 4251 1222 4308 nouustmn,
1245 4227 1377 4302 dentibus
1400 4247 1430 4301 in

286 4329 367 4385 ianoe
393 4333 530 4396 involucri
559 4335 712 4391 latentibus
738 4335 894 4390 dehiscens.
936 4335 1040 4390 Caules
1070 4334 1131 4390 basi
1156 4333 1234 4389 tibris
1259 4335 1432 4392 radientibus
1540 4369 1541 4376 ,

286 4420 530 4491 subilageiiaribus
556 4424 693 4495 praediti,
721 4424 801 4495 apice
825 4424 926 4491 erecti,
950 4423 1069 4488 ramosi,
1096 4423 1170 4480 loliis
1193 4423 1430 4480 subverticalibus

286 4512 413 4568 distichis
434 4514 544 4575 biiobis.
581 4515 701 4570 Plantae
721 4515 887 4583 Europacue
910 4519 938 4568 et
958 4513 1284 4569 dorecil-Americunae.
