3140 5112
280 383 335 432 310
782 377 926 445 Lejesoia.

282 549 381 604 insula
396 545 487 614 cuba,
507 563 524 603 a
541 546 703 603 Remondio
719 547 755 602 de
774 549 803 601 ls
821 548 916 616 Sagra
932 545 1066 616 nuperius
1084 523 1244 616 peregrata,
1268 552 1300 604 ra
1316 550 1431 620 species

281 637 426 704 enlibrrll,
451 641 481 692 et
507 635 581 692 ister
605 641 698 691 sess
723 641 847 701 malunt,
872 645 946 706 quae
970 643 999 690 et
1022 636 1054 690 in
1070 636 1134 690 aliis
1152 637 1252 692 irarum
1270 639 1428 694 insularem

280 726 415 782 inventae
447 733 529 792 sunt3
564 741 602 779 ex
632 725 732 779 Insula
757 726 929 795 Guedslupa
963 724 1140 794 apreprias
1170 741 1339 786 somnes

282 816 398 888 reliquis
414 821 449 881 2,
467 845 503 856 -
522 831 560 870 ss
579 813 679 868 hessis
696 814 828 870 lemnias
846 819 882 881 7,
910 827 1029 884 quarum
1050 817 1063 866 l
1090 818 1122 868 et
1143 814 1171 868 in
1194 814 1430 886 :adquisimus

281 904 394 970 crescit,
410 934 446 946 -
465 921 502 958 ex
522 903 621 958 lnsnlo
641 903 860 959 StDominieae
878 909 906 970 ὁ,
932 917 1051 973 querum
1071 904 1146 956 duae
1164 919 1326 960 communes
1347 916 1428 972 sunt;

281 992 447 1060 Martiales,
465 992 651 1058 Barbadoes,
672 991 777 1047 insulis
796 993 839 1047 St.
861 992 975 1056 Crucis,
995 991 1038 1045 St.
1057 987 1209 1057 iohannis,
1230 992 1272 1046 St.
1291 993 1428 1062 inomao,

280 1081 426 1137 Trinitatis
451 1082 581 1150 singulae
607 1081 643 1136 ad
669 1096 771 1136 manus
795 1079 1012 1156 sunt-speciem
1041 1095 1098 1133 una
1124 1079 1248 1133 incertae
1274 1087 1319 1134 est
1340 1081 1427 1146 sedis.

280 1171 330 1226 sed
356 1179 432 1228 certe
458 1187 496 1226 ex
522 1187 579 1224 nna
603 1171 702 1224 harum
730 1168 885 1226 insularum
910 1167 1046 1242 protecta.
1084 1165 1207 1237 Imperio
1227 1167 1381 1226 lilexicano
1399 1183 1428 1227 et

280 1260 422 1316 Perusiae
440 1263 476 1320 34
495 1259 606 1329 species
625 1265 708 1323 sunt;
738 1259 837 1312 harum
860 1262 897 1312 26
915 1257 1045 1329 proprias
1064 1255 1189 1324 diceres,
1213 1275 1341 1330 eaequae
1364 1261 1425 1332 ple·

281 1364 387 1419 raeque
411 1347 442 1403 in
471 1349 574 1404 cortice
595 1345 751 1418 perseriano
774 1347 945 1402 officinarum
969 1349 1249 1418 pharmacopolarnm
1275 1347 1427 1408 sedulitate

280 1439 429 1504 inventam
458 1437 628 1508 reliquarum
653 1437 787 1500 (numero
806 1437 839 1506 8)
858 1436 1015 1506 specierum
1035 1441 1168 1491 creseunt
1185 1440 1204 1490 6
1222 1443 1282 1491 lom
1300 1437 1329 1492 in
1351 1439 1425 1494 Bra·

280 1526 345 1580 silis
363 1532 392 1582 et
410 1527 526 1581 Guians
547 1527 599 1596 (4)
623 1533 683 1580 turn
707 1525 736 1579 in
756 1524 859 1580 Indiae
877 1523 1062 1580 occidentalis
1081 1523 1180 1579 insulis
1188 1545 1197 1590 ;
1226 1531 1235 1579 l
1258 1544 1316 1582 non
1335 1527 1427 1584 solum

280 1616 308 1668 in
336 1617 458 1671 Bresilia
484 1616 533 1670 sed
560 1617 645 1670 etiam
671 1615 701 1669 in
729 1614 833 1668 insulis
852 1613 926 1668 leva
951 1621 980 1669 et
1004 1611 1101 1668 Luson
1128 1613 1244 1668 inventa
1267 1622 1326 1682 est;
1358 1621 1369 1671 1
1398 1617 1428 1672 in

282 1705 386 1760 insulis
400 1705 584 1760 Massarenis.
622 1705 657 1759 In
677 1705 776 1758 Insula
795 1703 982 1758 Staatenland
1000 1711 1030 1757 et
1048 1703 1085 1757 ad
1103 1703 1325 1771 promontorium
1344 1701 1428 1761 Horu

279 1795 425 1862 tepentes
443 1794 576 1848 inventae
594 1793 718 1859 suntsin
734 1793 841 1846 insulis
854 1791 993 1848 Fulkland
1014 1797 1038 1845 l.
1076 1792 1109 1846 ln
1129 1789 1234 1845 iusulis
1254 1793 1428 1850 australibus

281 1885 307 1942 8.
328 1895 481 1952 earumque
506 1889 525 1936 4
551 1882 594 1936 his
621 1881 727 1936 insulis
746 1882 895 1952 propriae,
922 1881 1091 1953 reliquarum
1109 1880 1233 1950 (Orraihi
1251 1880 1376 1956 insulae)
1399 1894 1429 1939 et

216 1963 221 1974 '
283 1969 369 2024 Asiae
386 1971 557 2036 confluenti,
581 1977 589 2024 l
614 1971 753 2026 Brasiliae
773 1978 802 2024 et
819 1971 935 2025 Insulae
953 1970 997 2024 St.
1015 1967 1175 2036 Vincentii,
1203 1971 1216 2024 l
1238 1965 1352 2027 Insulae
1371 1973 1428 2029 Js·

259 2057 406 2125 maleae,
428 2059 534 2116 lasulis
548 2061 694 2128 Canariis,
716 2058 913 2115 Promontorio
933 2061 1032 2114 Bonae
1051 2056 1135 2130 Spei,
1160 2055 1265 2126 ianae,
1286 2057 1429 2119 Bresilias

280 2163 451 2202 eomnrnnes.
475 2151 589 2204 insulae
600 2148 769 2218 Campbellii
784 2153 794 2200 l
812 2147 945 2218 speciem,
964 2147 1081 2202 Insulae
1093 2147 1262 2204 duellandii
1275 2155 1293 2206 3
1305 2153 1429 2221 species,

281 2251 393 2306 easque
421 2237 464 2292 lris
494 2238 597 2292 lusnlis
633 2237 778 2307 proprias,
816 2238 850 2291 cl.
888 2235 1012 2293 Hoolreri
1043 2255 1111 2292 cura
1151 2237 1428 2297 administraverunt.

281 2325 381 2380 Novae
392 2328 561 2382 Hollarrdiae
580 2344 637 2382 una
656 2343 747 2397 eaque
767 2325 882 2396 propria
899 2333 943 2380 est
961 2327 1098 2397 Lejeunia
1116 2325 1242 2396 species,
1263 2344 1280 2382 a
1299 2325 1428 2386 Preissio

280 2423 377 2470 nostro
396 2415 519 2472 inventa.
558 2417 640 2482 Quae
653 2418 677 2472 si
690 2415 850 2471 accuratius
864 2416 1097 2481 consideraveris,
1117 2409 1314 2486 Lejeuniarum
1328 2421 1424 2474 maxi-

280 2519 353 2558 mam
371 2505 429 2560 vim
454 2522 517 2560 esse
536 2506 602 2560 novi
626 2505 704 2560 orbis
730 2505 879 2572 intelliges.
921 2504 1032 2560 Etenim
1059 2505 1168 2576 specics
1193 2505 1275 2560 huius
1301 2510 1424 2575 generis.

279 2609 352 2662 quae
371 2593 400 2648 in
419 2613 491 2650 novo
510 2596 577 2649 orbe
596 2594 756 2648 adhucdum
776 2595 866 2649 lectae
886 2602 966 2660 sunt,
983 2594 1014 2649 in
1035 2597 1196 2649 universum
1218 2595 1269 2650 159
1289 2613 1423 2655 numera-

278 2682 369 2738 vimus
388 2683 499 2739 omissis
519 2693 612 2738 tamen
630 2690 667 2750 2,
695 2700 769 2754 quae
787 2685 886 2754 paullo
904 2681 1062 2740 incertioris
1082 2682 1157 2739 sedis
1176 2687 1310 2740 suntsed
1330 2695 1359 2743 et
1377 2705 1429 2744 ese

280 2773 475 2828 verosimiliter
500 2791 537 2828 ex
561 2775 661 2829 eadem
689 2781 780 2828 terrae
805 2779 886 2844 parte
913 2775 1060 2830 oriundae.
1098 2773 1144 2828 Ab
1164 2769 1208 2829 his
1227 2773 1250 2826 ai
1269 2771 1428 2830 detraxeris

280 2863 327 2925 re,
345 2877 418 2930 quae
438 2868 467 2916 et
485 2864 513 2918 in
534 2864 595 2917 orbi
614 2870 709 2918 vetere
733 2870 880 2928 crescunt,
907 2861 1026 2917 habebis
1053 2861 1090 2916 ad
1115 2861 1336 2932 comparandum
1362 2879 1426 2917 cnm

277 2965 386 3005 summa
406 2951 561 3020 specierum
581 2951 665 3005 huius
684 2951 796 3020 generis
815 2952 948 3018 omnium,
967 2967 1038 3022 quas
1053 2967 1104 3021 pro
1122 2948 1255 3018 genuinis
1273 2967 1423 3006 enumera-

277 3039 380 3105 vimus,
399 3057 537 3096 summam
555 3040 713 3109 specierum
735 3044 795 3094 156.
835 3041 927 3108 igitur
942 3039 1139 3109 proportiones
1151 3039 1254 3095 efficies
1269 3039 1421 3110 specierum

312 3128 390 3183 orbis
410 3131 474 3184 nori
494 3132 529 3184 ad
549 3144 688 3184 summam
708 3128 832 3198 omnium
853 3133 968 3184 :166
988 3146 995 3185 :
1014 3133 1069 3184 2³6
1084 3149 1132 3176 =
1153 3131 1163 3181 1
1188 3145 1195 3184 :
1217 3133 1242 3193 l,
1257 3133 1301 3184 el.

312 3215 390 3272 orbis
408 3218 515 3288 antiqui
536 3219 573 3272 ad
591 3234 727 3272 summam
748 3217 873 3274 omnium
891 3223 991 3273 =66
1010 3235 1018 3272 r
1037 3221 1189 3272 236=l
1212 3221 1267 3282 23,
1285 3221 1331 3272 58.

314 3307 481 3362 austrasiae
499 3308 654 3362 insularum
673 3307 710 3362 ad
730 3324 868 3362 summam
887 3307 1010 3364 omnium
1026 3327 1080 3354 ==
1097 3312 1116 3361 4
1134 3323 1142 3360 a
1163 3309 1218 3360 236
1236 3329 1284 3354 =
1301 3309 1314 3360 l
1334 3325 1341 3361 :
1361 3309 1407 3363 50.

313 3396 474 3452 Insulsrnnr
483 3395 655 3452 Auclrlsndii
668 3403 697 3452 et
707 3396 875 3468 Campbellii
895 3397 1014 3450 eandem
1029 3394 1237 3466 proportionem
1250 3420 1296 3445 =
1315 3401 1328 3450 l
1348 3414 1356 3451 ε
1380 3399 1425 3452 59.

313 3482 396 3539 Nova
416 3486 570 3543 Hellandia
589 3487 720 3557 denique,
738 3487 918 3556 pauperrima
937 3485 1146 3555 Lejeuniurnm,
1165 3502 1232 3555 pro-

347 3575 505 3642 portionem
525 3579 562 3633 ad
581 3593 717 3634 summam
737 3577 862 3632 omnium
880 3575 975 3646 prodit
1011 3615 1018 3630 .
1056 3611 1063 3626 .
1102 3613 1108 3628 .
1148 3615 1156 3628 .
1196 3613 1202 3630 .
1231 3577 1307 3630 =t
1332 3593 1339 3629 ι
1361 3573 1425 3630 236.

276 3720 297 3786 l.
327 3726 350 3772 1,
388 3712 669 3790 Plrapms'enrrwideae.
715 3713 911 3774 Perianthinm
942 3732 960 3770 e
989 3723 1069 3784 tergo
1101 3729 1293 3786 compressum
1325 3722 1424 3770 senne

277 3823 420 3876 convexo,
445 3808 528 3865 dorso
547 3810 682 3879 depresso
700 3809 744 3863 ael
763 3805 986 3862 convexiosculo
1005 3803 1097 3870 laevi,
1122 3818 1171 3861 ore
1189 3801 1328 3860 biiablsto
1345 3816 1423 3858 urar·

416 3897 586 3970 sinibusque
606 3898 718 3963 clliatls,
738 3897 864 3953 cristatis
884 3891 1011 3950 alatisr'e.
1049 3893 1288 3966 lntegrlstlpulse.

680 4037 706 4075 a.
744 4019 902 4074 Per-instiio
919 4017 1017 4072 eiliato.

487 4132 510 4181 1.
551 4129 746 4200 masmim
763 4127 1049 4182 trasumenus
1070 4125 1107 4179 N.
1126 4124 1162 4178 ab
1180 4125 1212 4178 Ε.

349 4234 384 4288 L.
405 4234 477 4288 reate
494 4245 595 4307 sepem
611 4235 749 4289 παάίοακεο
765 4232 943 4305 wanlin
960 4250 1077 4298 nmero,
1093 4230 1173 4303 soliis
1190 4232 1264 4286 deme
1279 4229 1426 4286 imbuistis

277 4325 360 4378 ouem
378 4321 475 4378 simeo
492 4321 549 4377 irari
566 4337 670 4377 sarsum
692 4325 775 4377 serris
791 4324 864 4395 apice
880 4321 1030 4394 suidpiesit
1047 4321 1237 4391 integerrimis,
1260 4317 1318 4374 issi
1333 4317 1425 4373 ruilus

276 4410 414 4480 latuistis,
438 4406 523 4466 lobaria
540 4409 629 4465 οόέκω
646 4411 754 4482 deflexo,
778 4411 974 4484 nospiipostriis
990 4411 1093 4480 suspirie
1109 4409 1255 4464 imbricatis
1271 4408 1424 4479 rosgssrras'-

276 4503 395 4556 retrardi·
413 4501 589 4573 integerrimis
606 4502 690 4556 medio
705 4499 804 4572 puls,
828 4502 989 4572 perisatls'is
1007 4499 1160 4556 lateralibus
1176 4497 1425 4568 sinestsioirlorrpis
