3060 5094
285 391 340 442 616
739 383 983 454 Gymnomitrium.

357 557 480 614 Habitat
497 557 527 612 in
547 557 676 612 Hermite
695 557 804 624 leland,
829 558 907 628 Cape
928 556 1024 623 Horu,
1049 556 1085 609 ad
1110 555 1250 625 Jungem.
1270 552 1451 626 dnuy‘ollsra

286 648 382 704 Hoolr.
421 648 644 718 (lloolrerjun.)

359 737 453 794 Ocules
471 740 529 795 lere
550 738 723 804 brunones,
742 739 876 808 gracilea3
895 737 1094 793 innovationes
1113 734 1217 803 pallide
1237 734 1354 789 virides
1375 735 1448 788 sula-

285 829 352 884 inde
371 829 563 895 rulo-loacas,
588 830 733 883 incurvae.
772 828 853 883 Folio
872 836 948 882 arete
967 826 1116 882 imbricata
1135 825 1269 894 cautique
1291 823 1449 894 adprensa,

285 919 398 985 inflata,
430 927 602 990 quapropter
627 919 733 974 surculi
768 917 844 975 nudo
872 919 954 974 oculo
980 917 1033 972 visi
1068 916 1236 988 Pterogonir's
1261 914 1449 985 quibusdam

286 1009 391 1066 similes
410 1016 486 1065 sunt
526 1011 609 1066 Remi
627 1015 646 1064 2
666 1042 678 1052 -
700 1015 717 1064 3
737 1026 824 1079 saepe
843 1025 879 1064 ex
899 1010 998 1063 eodem
1016 1016 1123 1078 puncto
1142 1005 1328 1076 prodeuntes.
1374 1002 1447 1072 Epi-

285 1099 389 1156 dermis
407 1102 522 1157 canllna
540 1100 606 1154 laxe
625 1101 760 1155 cellulosa
773 1099 886 1155 albida.
924 1100 1125 1172 Anapllgastriu
1144 1097 1231 1151 nulla.

358 1192 460 1248 Affinis
477 1197 521 1248 est
540 1192 609 1245 haec
628 1190 737 1261 species
757 1190 950 1264 Gymaomitrlo
967 1192 1126 1254 monneto,
1147 1188 1197 1242 sed
1216 1185 1370 1255 caespites
1392 1202 1448 1240 nou

286 1278 379 1348 struit,
399 1281 504 1336 surculi
524 1283 612 1336 multo
632 1289 698 1336 aunt
717 1281 841 1336 laxiores
860 1289 888 1334 et
906 1281 1027 1343 flexiles,
1052 1279 1180 1333 loliorum
1205 1277 1263 1332 lobi
1284 1277 1447 1332 lanceolsti

285 1379 370 1438 annt;
393 1373 488 1427 canica
508 1372 594 1428 etiam
614 1372 750 1442 singulari
770 1371 853 1427 morlo
872 1369 998 1426 oellulosi
1017 1368 1167 1424 discrimen
1186 1367 1343 1437 praebent.

285 1528 314 1582 p.
333 1517 360 1567 ³.
396 1518 448 1568 20.
479 1513 813 1587 Gymnomiirleum
830 1510 1006 1583 stygium
1024 1508 1352 1577 Tayloretlloolr.jnn.

360 1619 395 1673 G.
414 1617 488 1674 caule
505 1631 587 1674 erecto
604 1618 788 1690 subcrespr'toso
806 1637 921 1683 rumoso,
933 1615 1014 1688 soliis
1032 1617 1124 1670 erectis
1141 1617 1270 1689 adprensis
1295 1617 1446 1673 melena-

286 1711 354 1762 ceris
379 1706 492 1764 cimolia
515 1707 611 1763 obtusis
634 1709 803 1778 enuurginuta'r
827 1710 1000 1781 integrisque,
1029 1705 1168 1786 inuolugris
1190 1709 1350 1763 rotundatis
1371 1709 1447 1763 anule

286 1795 365 1868 duplo
383 1795 530 1854 latronum

430 1889 635 1955 Jungermannis
660 1893 741 1959 stygia
770 1889 870 1961 Ταμὼν
894 1889 965 1961 Hep.
992 1899 1105 1944 amaret.
1131 1890 1161 1942 in
1180 1887 1265 1942 Laod.
1292 1888 1451 1962 Jemms

496 1976 547 2032 bot.
576 1982 657 2032 lert.
681 1997 711 2051 p.
730 1983 804 2034 aea.
822 1997 849 2032 a.
879 1985 902 2033 Ι.
940 1979 1048 2034 Hooleer
1067 1979 1191 2052 Oryptcg.
1210 1988 1329 2034 amount.
1344 2000 1381 2052 ρ.
1402 1986 1446 2036 32.

495 2069 763 2140 nhnffififfl

361 2153 481 2211 Habitat
505 2157 534 2211 in
559 2158 722 2229 Gampbells
748 2158 861 2224 laland,
884 2157 913 2214 in
937 2157 1017 2214 saxis
1041 2158 1115 2212 inter
1140 2157 1209 2212 alias
1230 2158 1400 2228 llepaticas
1420 2169 1445 2216 et

287 2243 404 2302 Musuos
424 2247 500 2302 unde
519 2247 613 2302 attulit
632 2249 683 2302 Dr.
706 2248 822 2304 ilcolrer
835 2249 899 2318 jun.

360 2335 455 2392 Ocules
472 2354 593 2408 superne
612 2338 993 2407 purpureo-nigrescentes,
1017 2337 1163 2392 inleriures
1181 2344 1278 2406 partes
1297 2345 1331 2394 et
1351 2342 1445 2410 rnagis

286 2429 380 2481 tectae
398 2427 516 2482 ulivaoei
535 2429 651 2492 eoloris,
673 2432 693 2482 2
712 2458 725 2470 ·
745 2433 763 2482 3
781 2429 830 2482 lin.
850 2429 942 2497 longi,
968 2427 1159 2496 irregulariter
1182 2443 1314 2497 vageque
1341 2429 1443 2483 molti·

286 2514 390 2568 ramosi
411 2517 495 2572 ramis
515 2517 689 2573 divaricatis.
726 2517 805 2572 Folio
824 2520 907 2574 valde
923 2518 1030 2572 minuta
1046 2516 1235 2583 subsecundo,
1255 2517 1443 2582 alternantia,

287 2603 500 2672 subimbrinata,
518 2608 611 2662 oralia
631 2609 673 2662 vel
694 2609 826 2675 onorata,
851 2609 990 2663 interdum
1010 2608 1120 2676 integra
1139 2613 1224 2676 utque
1241 2607 1442 2666 obtusissima.

287 2691 462 2762 frequentius
486 2704 514 2750 et
538 2699 691 2769 praecipue
710 2701 739 2754 iu
759 2699 962 2753 vetustioribus
988 2697 1118 2752 caulibus
1143 2696 1196 2750 levi
1216 2697 1323 2752 obtusa
1345 2716 1440 2754 emar-

288 2781 434 2854 ginatura,
471 2789 626 2856 segmentis
660 2790 784 2854 obtusis3
822 2806 919 2856 margo
951 2786 1079 2858 superior
1112 2787 1251 2842 interdum
1282 2789 1442 2842 scariosns.

288 2869 633 2946 incimmemmaum,
656 2879 731 2934 soliis
751 2880 814 2934 latis
834 2886 910 2934 arcte
929 2877 1102 2942 lmbricntis,
1126 2893 1237 2946 semper
1255 2877 1398 2932 scariosis
1415 2887 1442 2932 et

288 2961 369 3030 apice
389 2963 461 3019 albis
481 2965 673 3038 (hyalinlsl).

360 3051 498 3109 Proxima
522 3056 592 3112 haec
619 3059 655 3112 ad
684 3059 910 3132 nganomirrium
928 3061 1109 3112 concinnatum
1136 3056 1261 3124 accedit,
1292 3059 1347 3112 sed
1373 3059 1441 3114 lolia

287 3140 378 3210 magis
403 3142 439 3195 ab
464 3143 584 3200 invicem
608 3147 731 3216 distant,
757 3149 854 3205 caules
878 3149 1042 3218 graciliores
1065 3155 1094 3203 et
1113 3147 1259 3202 involucra
1278 3147 1395 3202 sessilis
1413 3159 1439 3202 et
1499 3179 1500 3192 κ

287 3231 409 3286 rotunda
435 3241 510 3290 sunt.
556 3237 779 3310 Gysnaeme'rrium
805 3241 926 3294 marum
953 3239 1035 3294 culos
1060 3239 1182 3294 colorem
1210 3236 1311 3302 refert,
1342 3240 1438 3294 caules

288 3322 432 3378 breuiores
451 3331 480 3379 et
498 3325 683 3396 simpliciores
701 3329 797 3385 habet.

287 3459 317 3515 p.
337 3453 363 3502 4.
401 3447 456 3502 lb.
468 3447 810 3522 ‘apnmmnrsreum
822 3453 1131 3526 uctnocmuum
1151 3449 1419 3522 lluolr.jr.etl'ayl.

361 3553 396 3610 G.
415 3557 489 3612 caule
506 3561 645 3632 caespitem
664 3573 746 3616 erecto
763 3561 926 3627 subrumoso,
943 3561 1024 3633 foliis
1042 3559 1188 3615 imbricatis
1209 3560 1304 3612 erectis
1319 3561 1435 3614 manu

287 3644 413 3716 suaseonis¹
441 3651 670 3722 otro-purpureis
705 3651 934 3724 umnamfmenr'lreu
969 3652 1158 3722 integerrimis·
1178 3653 1251 3723 apice
1286 3651 1434 3704 rotundatis

287 3733 388 3788 demum
410 3736 541 3793 secanae.

431 3827 634 3895 langermanni·
654 3833 813 3884 acinaeiloliu
841 3830 941 3906 Taylor
961 3831 1032 3904 Hep·
1051 3841 1165 3886 nataret.
1184 3831 1213 3885 e'rt
1232 3831 1317 3886 Laud.
1338 3831 1432 3886 Journ.

495 3916 531 3987 of
543 3915 592 3970 bot.
615 3922 694 3972 1844.
720 3937 749 3990 p.
768 3925 832 3975 367.
850 3941 878 3977 n.
897 3925 924 3976 ⁸2.
963 3921 1072 3976 Hooleer
1091 3921 1185 3996 Crypt.
1203 3932 1318 3976 careres.
1338 3941 1370 3994 p.
1388 3927 1431 3978 3⁸2.

496 4007 761 4079 nznfflfio

361 4089 483 4147 Habitat
500 4095 529 4150 iu
540 4095 712 4167 Camplaell's
723 4099 819 4166 laland
834 4099 863 4154 in
874 4099 963 4166 saxis,
981 4099 1057 4154 unde
1076 4098 1172 4154 retulit
1185 4099 1236 4153 Dr.
1247 4099 1365 4154 Hookcr
1371 4101 1430 4170 jon.

361 4181 508 4252 Caespltes
540 4186 604 4240 alliu
634 4187 738 4243 muscis
767 4189 939 4258 irrepentes,
971 4189 1030 4244 lere
1057 4189 1187 4259 pollicem
1214 4187 1277 4252 alti,
1309 4193 1431 4243 naturate

289 4273 546 4341 purpureo-lusci.
584 4275 678 4333 Ocules
702 4293 789 4347 saepe
811 4279 948 4344 flexuosi,
976 4295 1013 4333 ex
1036 4279 1118 4348 apice
1137 4278 1219 4332 blnos
1238 4277 1363 4332 ramulus
1381 4294 1430 4332 nu·

288 4362 375 4417 velles
403 4363 570 4421 emittentes.
618 4367 699 4421 Folia
718 4374 794 4423 arcte
812 4367 977 4434 imbricata,
1002 4369 1042 4422 itu
1068 4368 1209 4434 mounda,
1237 4371 1269 4418 ut
1292 4365 1324 4420 ln
1351 4365 1429 4422 domu

289 4451 378 4506 caulis
397 4454 524 4530 canalem
542 4455 623 4526 quasi
641 4456 770 4521 forment,
789 4474 890 4528 opaea.
910 4457 1128 4524 aeinaoilormia,
1141 4456 1267 4526 margine
1279 4457 1429 4525 posteriore

289 4537 390 4595 leniter
409 4559 536 4622 recurva,
557 4545 696 4601 anteriore
715 4563 853 4602 convexa.
