3140 5112
637 401 819 464 ldadotlrera.
1248 411 1304 468 aaa

228 583 264 638 lb
287 577 409 650 rnptbaa
435 575 472 630 nd
495 577 599 630 llnmen
620 575 881 648 Samnaab'prope
899 575 1058 646 Amnalatn
1078 577 1226 638 uenere
1248 581 1303 638 ba-

155 671 242 731 radia
258 669 327 738 legit
344 669 377 724 tl.
397 665 518 736 Berriolr
534 665 577 732 (u.
601 667 680 734 tam).
1298 713 1300 720 .

230 759 334 814 caules
352 754 703 830 quadri-mapolliearea,
728 755 791 810 baal
809 755 965 828 aimplioaa,
991 763 1050 812 turn
1075 758 1161 814 ramis
1179 761 1304 818 maxima

155 848 355 919 inaequalibus
374 846 566 916 anbpinnatim
586 852 615 900 et
633 862 732 902 varana
751 845 861 915 apicem
880 845 1067 902 lasoionlatim
1079 847 1220 916 instruutl,
1239 853 1304 906 lon-

155 941 283 1010 gioribus
302 938 387 994 ramia
406 938 508 992 iterum
526 935 685 990 ramuloaia.
723 934 803 990 Folio
823 941 899 990 areta
917 934 1081 1004 imbrioala,
1100 937 1173 994 laete
1194 939 1303 1010 viridia,

155 1028 347 1093 anbrotuuda,
366 1026 486 1094 deflexa,
506 1024 634 1082 aioeitate
653 1023 728 1078 eauli
743 1025 961 1097 ,circumvoluta
979 1027 1169 1096 integerrima,
1190 1032 1302 1098 obtusa,

154 1118 282 1187 margine
306 1115 439 1172 inferiore
462 1117 588 1172 lurolnta
613 1115 732 1185 basique
750 1115 919 1172 decurrente
938 1117 1064 1187 repanda
1083 1124 1113 1172 et
1130 1117 1160 1173 ln
1177 1117 1304 1174 lobnlunr

155 1206 334 1279 bamplinata.
372 1195 474 1262 'laobnll
493 1205 622 1275 augurii,
641 1207 923 1272 oratu-laneeolati,
946 1206 1094 1263 inferiores
1114 1208 1228 1264 latiores
1248 1211 1300 1265 ob-

154 1301 230 1364 tnai,
254 1296 412 1368 superiores
431 1297 495 1365 plna
514 1296 643 1352 minuare
662 1295 824 1350 aoominatl.
863 1296 1067 1369 daphnona
1090 1297 1246 1364 distantia,
1273 1296 1303 1352 ln

155 1389 273 1446 ramalia
299 1385 497 1456 adproximata
522 1391 551 1440 et
574 1382 717 1454 longiora,
749 1384 1035 1456 quadrato-ligulam
1065 1395 1222 1458 oratuque,
1247 1388 1301 1444 ad-

155 1495 264 1550 prensa,
284 1477 333 1532 aed
353 1475 478 1544 margine
495 1474 591 1544 paullo
611 1474 725 1538 reflexa,
745 1474 935 1544 integerrima,
951 1478 1031 1530 eaule
1050 1477 1137 1546 duplo
1156 1469 1266 1533 latiora.

228 1568 312 1622 Oba.
350 1565 375 1619 Α
394 1555 515 1619 Modum.
531 1561 642 1618 Perelio
660 1583 678 1616 a
698 1563 810 1618 uibrante
834 1563 909 1619 iuliis
933 1564 1089 1623 imbricatis
1108 1567 1220 1622 inflexis
1239 1565 1302 1621 buri

153 1657 276 1712 ventrali
295 1654 517 1710 subdeeurrente
535 1654 644 1708 oaulem
665 1652 903 1722 amplexantibus,
923 1653 1052 1711 siccitate
1070 1655 1154 1711 valdo
1171 1655 1303 1713 deenrvia

154 1749 184 1800 'et
201 1741 410 1814 ampbigaatriia
427 1742 582 1799 maioribus
601 1743 793 1812 distinguitur.

644 1890 816 1902 ’.ι-

550 1970 830 2058 Subtribus
864 1976 906 2056 8.

580 2123 884 2206 annloao.

242 2241 288 2305 N.
313 2241 354 2305 ab
377 2241 419 2305 E.
444 2241 530 2326 Hep.
555 2241 639 2306 Eur.
677 2240 748 2306 111.
773 2263 811 2326 p.
835 2240 910 2306 135.
965 2239 1030 2306 lv,
1048 2239 1239 2326 p.'XXV.
1270 2251 1302 2306 et

155 2345 191 2410 in
213 2345 329 2410 Lindi.
353 2345 484 2410 lotrad.
509 2345 557 2409 ed.
583 2345 615 2409 2.
633 2367 671 2431 p.
689 2346 765 2409 414.
826 2345 1007 2409 Errdlieder
1032 2345 1114 2409 Gen.
1141 2367 1179 2430 p.
1202 2343 1299 2408 1340.

153 2447 348 2533 Lejrunirue
375 2458 408 2513 al
435 2449 592 2513 Jobuleue
620 2449 775 2514 Dumurt.
820 2449 1172 2537 Jnnqermaaaienrum
1198 2469 1300 2534 epona

155 2549 312 2618 Dumort.

243 2655 467 2722 Fructifioatio
489 2657 631 2722 feminea
653 2657 775 2721 ramulo
790 2656 922 2744 proprio
944 2678 1043 2742 saepe
1059 2655 1150 2720 brevi
1169 2653 1302 2719 suffulta

153 2757 296 2843 ideoque
336 2761 376 2826 ad
412 2763 555 2848 speeiem
586 2761 729 2826 lateralis
758 2762 904 2826 rarinsve
931 2761 1148 2826 dichotomiao
1181 2757 1301 2843 angulo

152 2862 286 2930 inserta.
324 2863 488 2930 Pistillum
505 2866 638 2932 1·2-4.
673 2865 816 2952 Capenla
839 2867 946 2928 tennis
970 2887 1073 2949 oeque
1094 2863 1133 2928 ad
1159 2863 1301 2930 medium

153 2975 279 3036 tantum
295 2970 525 3052 quadrivalrir,
550 2993 569 3035 e
592 2979 693 3035 atrato
717 2971 904 3036 cellularum
927 2970 1050 3057 duplioi
1073 2971 1198 3054 absque
1219 2968 1302 3032 fibra

152 3072 301 3137 annulari
339 3083 501 3140 oonatana.
559 3075 707 3140 Elaterer
736 3076 885 3162 unisplri.
940 3074 1152 3139 Peduneulns
1181 3073 1299 3137 brevia.

153 3176 379 3243 Periantbium
403 3180 563 3266 regulere,
586 3189 643 3245 aut
664 3189 769 3257 teres,
802 3189 859 3244 ant
880 3181 1070 3268 depressum
1093 3185 1206 3243 ventre
1229 3177 1300 3261 gib·

153 3281 249 3358 boso,
283 3293 340 3350 aut
362 3285 560 3368 quadri-vel
584 3285 864 3370 quinquengnlare
892 3285 965 3372 plus
997 3285 1101 3349 minus
1131 3283 1300 3348 evidenter

152 3395 376 3453 mucronatum
400 3410 455 3452 ore
479 3389 607 3453 demum
638 3388 873 3453 bi-tri-rarins
903 3387 1095 3472 quadrifido.
1143 3385 1238 3450 Folia
1265 3386 1300 3450 in

152 3491 354 3558 involucrum
375 3493 573 3558 transeundo
596 3495 684 3558 vario
705 3493 801 3558 modo
821 3493 967 3557 ludentia
988 3501 1024 3556 et
1041 3493 1176 3556 sormam
1193 3491 1299 3555 diver-

152 3617 221 3662 sam
248 3597 429 3662 induentia.
475 3597 589 3662 Florae
619 3598 753 3662 maseuli
788 3596 840 3661 vel
863 3597 1011 3660 monoeoi
1043 3595 1151 3660 velet
1178 3595 1297 3672 dioeoi,

152 3699 319 3786 plerisque
347 3705 382 3766 in
413 3699 536 3766 ranrnlo
566 3705 697 3787 proprio
727 3709 817 3766 orote
847 3703 1018 3765 imbricato
1040 3699 1179 3763 diatiobo
1201 3699 1300 3783 apioi-

152 3805 249 3870 sormi
272 3807 433 3893 dispositi.
480 3804 574 3870 Folia
590 3806 803 3891 perigenialia
819 3805 1065 3882 diversisormia,
1089 3805 1198 3868 biloba
1216 3803 1299 3868 lobia

152 3911 416 3996 subaequalibna.

241 4010 361 4079 Canlea
383 4015 548 4102 depressi,
572 4013 731 4101 pinnatim
756 4015 874 4077 ramosi
900 4022 957 4078 aot
985 4022 1118 4100 propter
1139 4033 1299 4078 ramorum

153 4120 372 4204 frequentiam
418 4121 458 4186 ad
515 4119 659 4206 speeiem
697 4118 905 4182 inordinatim
949 4109 1084 4195 rainoni,
1135 4137 1299 4202 nunquam

153 4244 269 4288 revera
318 4223 498 4312 simplices,
555 4223 694 4288 subinde
745 4222 874 4288 iureati.
947 4219 1041 4287 Folia
1090 4221 1298 4297 firminseula,

152 4327 289 4404 iuonba,
314 4329 364 4393 vel
386 4331 557 4395 imbricata
579 4330 630 4396 vel
654 4327 983 4414 squamoso-patula,
1011 4326 1222 4412 integerrimo
1243 4335 1301 4390 aut

151 4429 303 4510 dentata,
345 4433 454 4498 multia
485 4433 645 4520 profunde
674 4434 800 4513 biloba,
838 4433 914 4499 lobo
943 4433 1079 4498 ventrali
1105 4433 1230 4498 minore
1257 4430 1299 4494 ad

151 4534 279 4602 caulem
312 4537 451 4618 reflexo,
490 4539 587 4624 plano
617 4540 749 4606 variare
782 4539 956 4606 oonvulutu
991 4547 1025 4602 et
1065 4546 1132 4600 tam
1167 4535 1299 4620 quidem
