3076 5086
279 406 335 458 bia
735 399 962 468 Plagicctasna.

280 572 418 639 solitarii,
441 571 486 629 vel
504 571 534 626 in
552 571 647 627 media
667 570 766 626 troade
789 576 840 626 aut
861 569 958 628 scriati
977 573 1028 624 ant
1045 567 1174 626 sclinrii.
1217 571 1392 632 Peduncnli
1411 575 1446 629 in

278 663 378 719 troade
402 663 545 730 dorsalea,
572 678 588 716 e
613 661 731 732 nugalis
753 660 871 734 loaeplis
890 660 1073 715 excorticatis
1090 660 1317 732 marginatirque
1338 678 1441 716 cancr-

278 759 395 822 gentes,
421 751 598 808 invulnerati.
642 749 791 805 involucra
821 749 935 819 propria
960 749 1040 804 labos
1069 751 1241 819 receptaculi
1271 753 1444 808 maximam

277 848 389 912 partem
407 840 567 904 efficientia,
587 838 718 908 apicibus
732 856 819 910 supra
837 839 975 894 verticem
990 839 1162 908 receptaculi
1174 839 1442 908 adscendentibus,

277 931 418 997 biralria,
444 928 616 986 verticaliter
634 929 680 984 ecl
699 928 790 983 ranna
808 929 838 983 ln
860 930 1047 1002 receptaculis
1064 930 1244 999 monccarpis
1262 930 1440 988 bonwan-

277 1020 342 1077 liter
360 1019 548 1082 dehiscentia,
566 1017 855 1083 submembranacea,
874 1033 1054 1088 rnonoearpa.
1092 1018 1291 1074 Periantltiurn
1312 1021 1440 1076 nnllnrn.

279 1110 415 1180 Calyptra
435 1111 472 1166 ad
490 1109 572 1164 basin
592 1108 700 1164 fructus
718 1108 993 1177 lacero-persistens.
1024 1109 1148 1178 capsula
1166 1108 1439 1179 brevipedicellata‚

277 1199 424 1258 involucro
442 1199 557 1270 proprio
575 1205 659 1264 tecta,
678 1197 928 1264 subboriaoutalis,
948 1198 1054 1252 vertice
1072 1197 1263 1266 irregulariter
1283 1217 1439 1270 rumpens.

277 1290 407 1345 Blateres
432 1290 489 1345 cito
508 1287 609 1353 solati,
636 1287 665 1342 bi
680 1319 693 1330 -
712 1286 893 1359 quadrisplri.
932 1287 1049 1342 Semina
1066 1286 1218 1356 poly'edra,
1242 1291 1439 1346 laeviuscnla.

278 1379 391 1434 Pistilla
410 1381 464 1434 sub
484 1377 595 1433 antbeai
614 1377 643 1431 in
662 1376 741 1432 disco
759 1377 963 1447 receptaculari
982 1375 1074 1430 sensili
1093 1375 1240 1446 paleisque
1259 1376 1437 1434 involucra-

277 1468 353 1524 libus
376 1475 452 1524 teoto
477 1475 590 1533 erecta,
619 1468 693 1534 stylo
718 1468 858 1536 elongato.
903 1465 1097 1534 Receptacula
1121 1467 1279 1521 masculina
1304 1469 1336 1522 in
1368 1471 1435 1524 sino

277 1558 368 1628 apicis
386 1560 431 1614 vel
449 1559 478 1613 in
497 1558 592 1612 media
611 1557 719 1621 fronde,
739 1557 880 1622 immersa,
901 1554 1206 1625 lupricato-papillati.

351 1647 441 1701 Frons
472 1645 656 1710 sicciuscula,
690 1645 795 1711 laevis,
830 1645 965 1712 depressa
1009 1650 1059 1698 aut
1090 1644 1230 1712 profunde
1266 1648 1436 1719 obtusaque

277 1737 482 1802 canaliculato,
513 1752 591 1790 nunc
619 1751 655 1788 ex
684 1734 765 1803 apice
784 1734 939 1800 innovans,
972 1749 1047 1787 nunc
1070 1734 1207 1790 continua
1232 1739 1261 1789 et
1286 1751 1304 1788 e
1331 1746 1435 1792 costae

276 1834 375 1881 ventre
411 1825 561 1894 proliiera;
602 1823 750 1894 superficie
783 1825 818 1876 ad
861 1825 984 1894 speciem
1024 1825 1190 1878 exareclata
1227 1831 1256 1879 et
1294 1843 1434 1896 eporosa,

276 1916 354 1986 poris
380 1913 442 1971 scil.
470 1913 583 1982 exiguis
608 1912 880 1978 intercellularibus,
906 1914 1007 1968 subtus
1033 1915 1213 1986 squamigera
1237 1919 1266 1969 et
1284 1917 1433 1984 colorata;

276 2009 365 2060 strato
390 2004 537 2073 hypoporo
563 2019 719 2058 cavernoso
746 2002 956 2073 dissepimentis
982 2004 1086 2058 crassis
1111 2004 1290 2059 extrinsecus
1318 2008 1435 2062 areolas

275 2109 335 2147 non
354 2092 589 2149 describentibus.

350 2181 473 2237 Plantae
509 2188 658 2238 terrestres
677 2191 723 2236 ,et
758 2181 937 2250 rupincolac,
975 2181 1054 2237 coelo
1090 2179 1218 2236 calidiori
1254 2185 1431 2255 adscriptae.

277 2269 395 2343 Species
422 2271 607 2340 cognovimus
635 2276 677 2324 13.
722 2271 820 2324 Habet
838 2271 953 2339 Europa
981 2271 1116 2338 (Corcyra
1142 2271 1249 2342 insula)
1275 2279 1304 2326 et
1329 2274 1432 2330 Africa

278 2360 410 2428 (Insulae
430 2360 586 2427 Canariae,
615 2359 713 2414 Insula
732 2359 915 2413 ascensionis
939 2365 968 2414 et
991 2358 1160 2431 abyssinia)
1183 2365 1201 2415 3
1211 2382 1218 2426 ;
1249 2361 1366 2419 lldexico
1395 2371 1430 2428 3;

277 2449 401 2519 Nepalia
420 2455 448 2505 et
464 2450 548 2514 India
567 2449 712 2504 orientalis
730 2454 763 2514 33
784 2448 907 2504 Perusia
927 2454 955 2502 et
974 2449 1048 2502 Cbili
1066 2453 1100 2515 33
1121 2448 1205 2504 Nova
1224 2449 1380 2506 Zeclandia
1404 2458 1427 2507 l.

444 2595 467 2662 i.
490 2598 512 2646 l.
549 2593 639 2647 Frons
661 2611 692 2645 ee
716 2591 788 2664 apice
811 2592 917 2644 micro
940 2589 1107 2646 'articulatim
1123 2592 1257 2648 innovatae.

422 2723 446 2773 1.
483 2717 796 2788 momociacensis
826 2711 1043 2770 cordatum
1069 2715 1102 2768 L.
1131 2721 1160 2768 ct
1186 2715 1279 2784 Ldbg.

347 2824 394 2878 Pl.
404 2825 506 2896 fronde
522 2843 553 2878 ex
570 2825 643 2896 apice
661 2823 800 2876 innovante
817 2820 957 2875 obem-data
974 2821 1063 2875 anian
1074 2831 1282 2895 purpurascenti
1291 2823 1426 2894 rnyuluaa,

274 2917 390 2986 squamis
411 2912 571 2968 veneralibus
595 2913 693 2976 wana,
716 2913 816 2982 fracta
845 2910 991 2981 salapicali
1020 2912 1050 2964 in
1071 2911 1160 2982 pacuis
1173 2910 1287 2980 frondis
1309 2912 1424 2967 articulo
1518 2967 1519 2990 .

273 3002 388 3074 sinpnlc,
408 3001 553 3073 pednncalo
576 3000 632 3054 tari
656 2998 787 3065 minatio,
812 2999 970 3072 receptaculo
979 3000 1100 3073 feminac
1130 2998 1310 3074 t-i-mpe
1333 3002 1425 3058 ntitas
1518 2991 1519 3056 ¹

275 3090 376 3146 brccim
387 3091 543 3162 parciusque
561 3087 678 3142 harberto.
706 3115 709 3121 ¹

419 3179 615 3246 Plagioclrasrna
635 3178 770 3230 cordatum
790 3177 824 3232 L.
842 3189 867 3232 et
887 3179 937 3250 Ly.
957 3181 987 3234 in
999 3179 1088 3232 Ladan
1100 3178 1220 3251 Puppi.
1239 3180 1293 3234 IV.
1314 3181 1422 3251 (18³2.)

480 3285 510 3339 p.
532 3273 574 3324 1³.
594 3288 620 3322 n.
641 3275 664 3322 l.
703 3268 740 3320 Ν.
759 3267 791 3321 ab
811 3267 847 3321 Ε.
871 3269 941 3340 Hep.
966 3269 1035 3322 Eur.
1061 3267 1114 3322 lv.
1135 3286 1166 3340 p.
1185 3267 1300 3322 Lxllt.
1329 3281 1354 3324 et
1377 3277 1423 3326 to.
1518 3329 1519 3334 ,

481 3376 508 3410 n.
532 3363 554 3411 l.
593 3357 714 3411 Gottselte
729 3357 801 3410 Iton.
822 3357 893 3428 Hep.
912 3359 1003 3411 incdit.

348 3461 459 3516 Crescit
476 3461 505 3516 in
526 3463 647 3531 Nepalia
666 3463 804 3532 (Waltich
824 3466 853 3517 in
875 3465 932 3519 Hb.
953 3465 1012 3538 ilk.
1034 3481 1061 3518 n.
1081 3470 1124 3520 17.
1146 3469 1189 3521 19.
1207 3470 1245 3520 ³2
1263 3473 1292 3520 et
1309 3468 1366 3540 L.).

346 3552 466 3606 Frcndes
491 3553 685 3622 caespitosae,
715 3553 815 3606 subtus
843 3554 1035 3607 aedicularum
1064 3555 1211 3622 longarum
1238 3557 1329 3614 denso
1356 3559 1422 3615 tillo
1518 3559 1519 3568 ’

273 3647 366 3696 terrae
393 3643 437 3698 vel
461 3642 567 3696 muscis
594 3642 722 3706 adfixae,
748 3657 812 3695 cum
838 3642 1070 3696 innovationibus
1095 3643 1209 3697 unciam
1232 3645 1279 3698 vel
1306 3647 1417 3718 sesqui·
1518 3649 1519 3672 ³

272 3732 404 3801 pollicem
423 3734 533 3800 longae,
552 3729 694 3799 simplices
703 3728 831 3799 quidem,
851 3731 900 3784 aed
920 3731 957 3786 ob
976 3733 1174 3788 innovationes
1192 3749 1230 3787 ex
1250 3734 1340 3803 apicis
1357 3737 1421 3792 sinu
1518 3715 1519 3810 ¹

272 3823 447 3890 prodeuntes
466 3819 628 3890 duplicatae
646 3826 675 3873 et
694 3820 867 3889 triplicatae,
886 3822 1036 3890 cordatae,
1063 3839 1079 3876 c
1098 3823 1161 3878 baal
1180 3825 1344 3891 angustiore
1362 3827 1420 3882 sci·-

272 3909 341 3964 licet
359 3909 454 3964 subito
472 3910 624 3978 dilatatae,
650 3910 835 3977 rotundatae,
859 3913 1066 3980 emarginatae,
1093 3912 1222 3981 margine
1241 3914 1416 3973 subadscen·

273 3997 373 4054 dentes
391 3999 672 4068 undulata-crispae
690 4016 894 4072 nonnunquam
919 4002 971 4058 sed
990 4002 1082 4058 rarius
1103 4003 1163 4058 basi
1181 4001 1305 4073 incisae,
1330 4022 1418 4060 mem·

273 4087 444 4153 branaceae,
462 4088 556 4142 medic
574 4087 761 4144 incrassatae.
798 4090 957 4159 Epidermis
976 4090 1091 4157 viridis,
1115 4090 1229 4160 glabra,
1254 4109 1293 4148 ex
1318 4095 1417 4150 areolis

272 4175 371 4234 densis
396 4176 525 4230 rotundis
550 4179 687 4245 mndata,
719 4180 825 4248 pagina
850 4180 965 4237 interior
988 4181 1152 4236 membrana
1176 4186 1253 4236 tecta
1275 4197 1414 4251 purpura-

188 4297 190 4302 ·
273 4270 372 4320 scente
391 4264 525 4332 rugulosa
544 4283 580 4320 ex
601 4269 704 4324 areolis
722 4269 876 4326 maioribus
894 4271 1015 4326 conflata
1040 4276 1070 4325 et
1094 4271 1131 4326 ad
1156 4276 1265 4325 costam
1288 4271 1416 4342 utrinque

273 4354 430 4426 squamulis
454 4356 499 4410 vel
523 4355 614 4424 paleis
638 4359 802 4426 sanguineis
826 4359 968 4414 interdum
992 4359 1084 4415 bilidis
1107 4360 1256 4416 incuncta.
1292 4358 1417 4414 Frondcr

273 4445 444 4514 primariae,
474 4461 565 4516 acque
584 4461 618 4498 ac
636 4445 849 4514 innovationes,
873 4456 940 4504 ante
958 4449 1047 4521 apicis
1070 4449 1164 4504 sinum
1181 4449 1373 4506 intumescunt
1389 4455 1417 4505 et
1518 4429 1519 4448 ¹

273 4535 465 4604 pedunculum
495 4535 626 4592 emittunt
655 4536 718 4592 basi
746 4537 870 4607 nudum,
904 4540 950 4594 vel
977 4539 1070 4597 rarius
1096 4540 1181 4610 palea
1207 4553 1267 4595 una
1294 4539 1416 4595 alterare
