3060 5094
597 437 774 494 Fimbriaria.
1203 447 1258 498 ebt)

333 614 349 677 †
369 614 395 664 4.
435 609 681 666 Fimbriana
697 609 922 668 umbonum
941 610 1043 666 Wallr.

185 717 221 771 F.
238 717 338 788 fronde
361 715 594 770 lineari-cuneata
616 735 705 771 ausen
728 716 861 771 amuleta
884 715 974 770 mitur
995 733 1119 782 moero,
1143 717 1257 787 squamus

114 806 245 876 morpiaer
260 805 447 876 ottinyeulibur
463 806 590 877 eumenis
607 807 708 860 sardan
725 805 909 878 mperoatibur
925 804 1078 876 barbamque
1094 803 1257 858 terminalem

113 894 294 964 ffeiesctilrus,
316 893 474 966 receptaculo
484 895 603 966 sanare
620 893 867 966 sublemisplroerico
884 895 979 948 vertice
997 896 1104 966 turpido
1120 895 1257 948 amicastu

114 987 323 1056 tri-tetrncurpo,
338 983 498 1056 puiaatliis
515 985 598 1037 cuntis
618 981 673 1037 10-
679 981 801 1052 Ib-firlir
818 983 922 1039 laciniis
939 984 1014 1056 apice
1030 981 1232 1038 cobawmlibtra

255 1073 413 1124 Fimbriaria
432 1073 574 1124 umbeusts
597 1071 692 1126 Wullr.
710 1075 740 1126 irs
757 1071 810 1127 litt.

256 1161 415 1213 Marchantiu
435 1163 575 1212 urubuurta
599 1161 696 1216 Wallr.
715 1162 743 1215 t'ru
761 1161 843 1214 Lt'ntt.
863 1159 949 1216 XIV.
968 1166 995 1217 6.
1011 1180 1040 1234 p.
1058 1165 1122 1218 6844.
1145 1180 1172 1216 n.
1191 1165 1255 1216 349.

255 1250 410 1302 Fiutbrisrir
430 1253 544 1317 fragrans
563 1257 581 1318 β
600 1253 684 1302 maior
704 1249 788 1304 Herb.
808 1249 909 1320 Hump.

187 1339 220 1392 lu
239 1338 400 1408 praeruptis
425 1339 460 1393 ed
487 1339 574 1394 colles
593 1355 750 1408 gypsaeeos
770 1329 931 1406 Hercyniae
949 1339 1089 1395 inferioris
1107 1337 1171 1391 binc
1189 1337 1256 1390 inde

113 1427 261 1498 frequens,
288 1427 351 1480 aliis
376 1427 406 1480 in
433 1429 563 1497 partibus
590 1429 705 1483 omnino
731 1427 881 1492 delicians,
919 1427 1008 1482 Cariei
1032 1425 1141 1493 bamili,
1167 1424 1256 1482 Violre

113 1518 260 1582 amariae,
283 1515 419 1570 Veranio-ae
432 1521 550 1588 praecoci
568 1517 765 1589 etSurr'srnyae
781 1515 958 1589 tridaulylitne
969 1517 1139 1573 consociata.
1175 1515 1255 1570 Maio

113 1607 210 1660 adulta
229 1605 396 1673 (Wallrotb‚
418 1605 475 1659 Hb.
497 1605 547 1674 N.)
558 1627 565 1670 t
595 1607 625 1661 in
650 1593 793 1660 montibus
812 1605 972 1676 Hercyniae
991 1605 1150 1676 praeruptis
1167 1619 1255 1673 prope

114 1695 285 1763 Stcigertbal
306 1695 434 1762 (Hampe
453 1694 482 1746 ln
501 1694 558 1748 Hb.
579 1695 641 1764 N.).

186 1784 279 1838 Nimis
299 1782 388 1837 affinis
408 1780 588 1838 Fimbriurine
597 1784 749 1855 freernai
771 1801 822 1839 nec
840 1784 934 1840 differt
952 1783 1004 1838 nisi
1026 1783 1129 1838 vertice
1147 1782 1255 1836 fructus

113 1871 203 1928 latiori
223 1881 250 1924 et
270 1871 438 1925 laciniarum
458 1871 609 1939 periautbii
628 1889 754 1928 numero.

331 1959 395 2072 44.
434 2003 685 2060 Fimbriae-ln
703 2006 870 2059 saccata
888 2003 925 2060 N.
944 2005 981 2059 ab
1002 2005 1034 2059 Ε.

183 2115 218 2168 F.
230 2113 330 2186 fratria
348 2111 456 2182 obloaye
473 2111 587 2184 simplici
609 2110 700 2165 subtus
718 2129 844 2178 consero,
870 2111 1002 2168 inuoluere
1020 2110 1069 2186 (l)
1081 2113 1254 2185 perlwrculam

111 2207 249 2258 dimidium
267 2211 402 2276 aequante,
427 2199 572 2274 pcduacalu
587 2198 694 2271 plubro,
718 2200 878 2271 receptaculo
893 2199 1012 2269 sarciaco
1032 2199 1152 2255 ruiwale
1174 2201 1255 2258 solido

111 2293 228 2362 ruaryiac
245 2293 363 2364 r·epaado,
379 2291 540 2364 praealbiir
556 2299 668 2362 φιαὺιον
684 2289 866 2342 ovato-corticis
890 2288 945 2358 (ad
961 2290 1056 2343 iconem
1067 2289 1231 2363 plurifidis).

253 2383 407 2432 Fimbrirria
433 2395 530 2430 saccata
554 2379 592 2432 N.
612 2377 645 2431 ab
663 2377 699 2433 Ε.
724 2378 754 2430 e'tt
773 2377 844 2431 Hor.
858 2377 934 2450 phys.
955 2377 1047 2434 Berol.
1065 2399 1096 2452 p.
1114 2384 1159 2434 46.
1178 2398 1205 2434 a.
1224 2387 1251 2437 2.

319 2469 383 2542 Spr.
403 2468 475 2541 Syri.
499 2468 559 2539 ch.
580 2467 633 2522 lv,
656 2472 680 2520 l.
696 2487 725 2538 p.
744 2471 807 2521 235.
826 2486 854 2520 a.
872 2471 899 2521 ³.

254 2561 411 2610 blarebantia
440 2573 537 2610 saccata
574 2555 708 2611 Wallenb.
737 2558 765 2610 ia
790 2556 902 2626 Moyse.
931 2555 1044 2630 Naturs.
1068 2557 1192 2611 Freuucir
1216 2578 1252 2611 aa

320 2646 423 2702 Berlin.
443 2647 480 2702 V.
497 2666 525 2719 p.
545 2649 608 2701 296.
628 2665 655 2700 a.
674 2651 719 2702 39.
739 2657 758 2700 t.
778 2647 805 2700 7.
816 2643 846 2714 f.
865 2649 892 2699 ³.
934 2644 1004 2701 Wee.
1024 2647 1124 2700 Prorir.
1139 2666 1168 2719 p.
1191 2652 1251 2702 lte.

318 2756 345 2790 a.
363 2741 390 2790 9.
429 2735 576 2806 &lwueyrv
596 2735 698 2790 Prodr.
714 2753 743 2806 p.
762 2738 807 2788 35.

183 2825 304 2881 Habitat
329 2827 358 2879 in
384 2825 590 2878 Kamtschatku
615 2825 652 2878 ad
676 2841 761 2892 rupes
785 2825 877 2879 siccas
901 2825 956 2893 (uti
975 2823 1100 2894 videtur)
1124 2824 1152 2878 in
1178 2829 1252 2878 terra

110 2915 227 2972 humosa
245 2915 318 2968 inter
337 2913 512 2986 Eacalyptnm
530 2913 662 2983 curbaran
682 2913 914 2984 (Wablenberg).

183 3004 285 3058 Diliert
304 3020 320 3056 a
340 3003 455 3073 reliquis
473 3001 611 3057 involucri
631 3001 667 3055 ad
687 3001 768 3056 basin
788 3002 940 3072 pedunculi
958 3001 1133 3072 longitudine
1148 3001 1253 3056 eximia

110 3103 138 3150 et
157 3093 328 3164 receptaculi
348 3109 460 3162 quoque
479 3093 567 3161 ligura
579 3077 623 3144 ‘ex
643 3098 728 3146 ovato
745 3093 854 3147 conice.

183 3183 367 3236 Mercbeatine
379 3181 597 3254 (Fimbriarine)
607 3180 708 3253 pilosae
722 3180 765 3238 Fl.
778 3181 853 3236 Dan.
869 3182 997 3252 proxime
1016 3182 1089 3235 banc
1108 3179 1252 3243 accedere,

109 3273 193 3327 dccet
202 3271 404 3339 Wablenberg.
425 3272 514 3326 Frons
528 3271 636 3325 minuta
655 3275 683 3324 et
700 3269 803 3336 brevis,
823 3287 910 3341 supra
921 3273 1063 3326 virescens
1076 3277 1105 3324 et
1116 3269 1146 3324 in
1159 3268 1252 3323 medio

111 3377 279 3428 verrucosa,
315 3361 415 3416 salitus
445 3359 526 3428 nigra
553 3358 727 3430 perhibetur.
773 3358 911 3414 Laminas
940 3358 1079 3414 involucri
1106 3365 1252 3428 angustae,

110 3457 231 3516 erectae,
249 3450 365 3514 multae,
383 3449 475 3516 albae,
495 3449 531 3502 ad
551 3448 698 3503 dimidium
717 3447 907 3517 petiunculam
926 3448 1097 3519 pertingunt.
1134 3445 1251 3500 Pedan-

110 3539 191 3594 culus
210 3538 286 3592 baud
305 3539 377 3591 ultra
396 3543 414 3593 3
434 3539 481 3592 liu.
499 3539 619 3606 longus,
646 3539 689 3606 (ln
709 3538 863 3606 specimine
881 3536 1156 3605 Webleubergiuuo,
1178 3534 1253 3592 baud

110 3628 250 3695 planceo
267 3629 402 3696 maturo).
441 3626 608 3682 Periantbia
631 3629 714 3698 louge
739 3634 768 3682 et
792 3636 870 3684 recta
888 3629 1022 3683 deorsum
1040 3624 1253 3698 propendentia,

110 3717 288 3786 longitudine
321 3734 375 3772 sua
410 3717 582 3787 receptaculi
611 3717 790 3772 altitudinem
821 3717 989 3788 aequantia;
1024 3715 1145 3772 laciniae
1173 3713 1254 3784 spice

110 3808 270 3873 cohaerent,
289 3823 342 3860 nec
361 3806 416 3861 nisi
436 3808 524 3862 latere
543 3806 703 3862 debiscunt.
739 3806 907 3876 (Wableub.
926 3807 944 3860 Ι.
965 3805 1005 3874 c.)

182 3898 227 3952 An
238 3894 420 3950 Fimbriarire
429 3897 585 3968 frequentis
603 3905 653 3951 aut
669 3896 824 3952 amboactae
841 3897 950 3966 proles?
978 3894 1161 3948 Involucrum
1178 3891 1254 3961 quod

110 3984 497 4054 perbibetWableubcrgius‚
518 3986 635 4038 barbam
655 4001 718 4039 esse
737 3985 880 4054 suspicor,
900 4000 917 4038 a
935 3999 1115 4054 squamarum
1135 3989 1250 4038 ventra-

111 4077 178 4130 lium
198 4078 281 4154 louge
299 4075 517 4144 prominentium
538 4074 715 4129 acuminibus
733 4074 897 4143 prolectam.

241 4243 242 4248 1
303 4205 331 4256 6.
369 4199 616 4256 Fimbrtaria
633 4199 871 4269 marmorata
889 4197 926 4252 N.
946 4197 983 4251 ab
1002 4196 1036 4250 Ε.

182 4303 217 4358 F.
227 4305 328 4376 fronde
345 4304 455 4376 ollem
471 4303 632 4377 mirimplici
648 4303 738 4358 ruitur
755 4303 864 4376 abrupte
881 4305 1004 4357 meinata
1010 4341 1019 4368 ,
1041 4302 1133 4354 cadas
1154 4297 1254 4365 ultum

110 4391 266 4465 maraculo
282 4393 400 4465 scrineo
428 4398 513 4450 coaice
536 4394 686 4468 quadrilebo
710 4393 902 4466 praiffuclcato
927 4391 978 4447 bete
1003 4392 1141 4446 ambmtato
1165 4385 1255 4442 retitur

111 4481 234 4550 imbuto,
255 4485 400 4556 pedunarle
426 4485 500 4541 buria
517 4503 605 4540 cerras
618 4484 717 4558 piloso,
739 4481 897 4556 pnicatlis'e
918 4483 1002 4538 ooutb
1018 4476 1134 4547 navidis
1150 4475 1255 4532 laciniis

110 4573 183 4643 apice
198 4573 398 4630 wluerentibur.
