2858 5096
264 389 423 460 Pudentltc.
461 391 690 464 Plagloclsasma.
727 391 938 474 Marohantia3
1107 398 1166 480 7⁸⁹2·

61 562 208 618 nmen
230 569 419 633 aggregans,
446 565 622 636 e-epen.
643 564 731 632 atae.
758 568 874 631 anua,
902 551 1023 622 orrvaeet
1044 566 1161 648 enata

18 651 59 704 rni
86 652 289 718 alternantes,
308 653 487 723 pinnularum
506 653 649 724 margines
667 653 848 723 integerrimi.
887 654 1029 728 Calgptrae
1047 671 1162 709 crassae

31 747 53 796 3
78 742 131 798 vel
153 739 256 810 plures
273 737 468 814 insuperiore
486 743 628 799 frondium
653 750 735 814 parte
759 744 900 804 collectae,
919 753 999 810 matr
1024 760 1161 816 squamae

18 831 201 886 volucrales
226 832 335 889 steriles
359 833 388 900 in
413 831 534 906 dirersis
551 831 694 890 frondium
721 833 792 888 locis
820 833 940 888 diffusae
964 839 1039 888 aaut.
1077 832 1162 888 Romi

18 921 85 975 ulto
108 921 213 990 magia
231 921 354 990 elongati
373 929 402 976 et
418 921 511 990 magis
529 921 631 976 deflexi
650 938 736 993 quam
761 921 790 976 iu
809 922 853 978 M.
863 923 973 996 Μὰ
996 928 1046 976 aut
1069 922 1099 1004 in
1117 922 1161 976 Μ.

18 1011 123 1076 moldo,
145 1017 179 1066 et
199 1001 345 1080 calyptr'ae
364 1011 456 1081 magis
474 1016 646 1080 aggregatae
664 1003 750 1082 quam
769 1011 799 1065 in
816 1011 960 1089 ulteriore.
987 1010 1161 1088 (Taptia.)

450 1114 723 1218 nocensne.

155 1269 261 1344 Tuylos·
277 1268 411 1338 inland.
431 1267 528 1321 Journ.
547 1267 582 1338 os
594 1265 646 1322 bot.
669 1272 748 1325 1846.
762 1288 793 1341 p.
812 1273 875 1340 413.
893 1289 924 1344 n.
939 1274 985 1327 26.

71 1360 197 1416 Dioioa.
235 1360 325 1414 Frons
344 1358 407 1412 basi
427 1350 583 1427 prostrata,
609 1373 725 1428 porcae,
751 1359 832 1428 apice
850 1373 1016 1429 squamosa,
1035 1357 1161 1430 squamis

18 1449 166 1504 abricatis
185 1449 322 1503 recurris.
360 1447 586 1517 Receptaculnm
606 1446 759 1500 femineum
779 1447 973 1514 descendeus,
990 1449 1097 1504 lineare
1116 1451 1160 1504 vel

21 1545 138 1609 ougate
158 1537 301 1602 conicum,
321 1537 431 1592 radices
450 1535 609 1592 demittens.
640 1535 834 1592 Perientlrium
854 1537 979 1591 nullum!
1012 1535 1161 1592 lndusiusu

18 1643 194 1698 pnamosnrn
213 1627 370 1684 terminale·
407 1625 530 1688 ¹'rondis
549 1625 724 1680 masculinae
741 1641 878 1696 squamae
891 1625 956 1680 basi
974 1627 1160 1693 ventricosus,

18 1721 142 1776 ntlrorae
164 1717 350 1780 araiuscnlae‚
369 1715 542 1780 concoloros,
562 1712 894 1783 rotundato-oblongae,
914 1715 1110 1783 pedicellatae.
1153 1743 1159 1752 ·

229 1848 255 1897 1.
292 1841 504 1898 Palmum
522 1839 863 1909 enumeraremus
882 1840 901 1895 t.
920 1855 947 1894 e.
1139 1907 1152 1918 .

152 1933 241 1984 Riceia
259 1945 392 1999 squamata
413 1927 514 2002 Ταμὼν
531 1929 561 1982 t'tt
579 1927 754 1984 Drstmnrontl.
774 1930 858 1984 Stoura
876 1929 963 1984 Rt'oer
981 1930 1106 2004 θηρίῳ.

79 2021 207 2088 Habitat
223 2019 301 2089 apud
319 2019 423 2073 lunico
442 2018 605 2088 cygnorum
625 2017 836 2088 (Drummcnd).

80 2107 207 2164 Plantae
226 2115 412 2178 aggregatae,
424 2112 457 2162 '2
474 2137 492 2150 -
510 2111 530 2163 3
549 2107 598 2163 lin.
618 2107 734 2177 longae,
760 2108 1016 2165 latro-ottraeeae
1033 2109 1064 2172 in
1082 2115 1159 2174 statu

18 2199 103 2264 icco,
131 2198 239 2254 uirides
265 2205 303 2252 et'
319 2199 452 2267 hyaliuse
476 2197 501 2252 si
526 2195 643 2252 humida
667 2203 744 2254 sunt.
789 2197 948 2256 Dimidium
973 2197 1092 2262 inferius
1115 2181 1160 2254 est

18 2291 124 2342 ronse
147 2285 211 2340 bari
236 2296 361 2358 angusta
384 2287 500 2344 linearis
528 2288 571 2341 rel
594 2287 810 2356 oblaueeolata‚
834 2287 935 2354 leviter
959 2287 1159 2354 canaliculato,

18 2377 160 2446 superlicio
178 2377 255 2447 poris
275 2377 375 2446 paucis
394 2376 498 2432 albidis
517 2376 689 2432 distantibus
713 2384 830 2445 ornatam
857 2377 1004 2432 dimidium
1028 2377 1159 2446 superius

18 2463 103 2532 >rimo
122 2463 300 2522 adscendens
319 2473 350 2522 et
373 2471 432 2521 turn
454 2467 598 2522 reclinans
624 2467 805 2536 singulariter
827 2481 1009 2538 squamosum
1033 2463 1160 2536 squamis

18 2553 171 2610 rotundatis
190 2557 317 2626 margine
337 2557 463 2612 recurris
487 2563 516 2612 et
540 2561 682 2611 structura
706 2562 858 2626 punetnta;
886 2556 961 2610 inter
978 2567 1159 2625 murmurum
1262 2587 1267 2604 .

18 2659 65 2713 par
82 2645 228 2701 terminale
246 2654 276 2701 et
294 2647 449 2702 martimum
467 2650 513 2700 2·
527 2650 547 2700 o
563 2646 733 2717 squamulae
752 2644 917 2700 minutiores
935 2641 1160 2712 et·angustio'rea

18 2734 193 2790 inveniuntur
212 2746 382 2805 aggregatae
401 2741 431 2791 et
448 2735 546 2806 paullo
563 2735 715 2800 incurras,
741 2751 814 2806 qnae
835 2735 969 2793 andnim
986 2733 1159 2801 constituere

18 2824 154 2879 crederem
180 2824 231 2879 sed
255 2823 361 2894 pistillo
386 2840 444 2890 non
467 2825 628 2882 observari.
672 2825 801 2894 liparte
826 2825 1008 2895 aquemulosa
1030 2829 1159 2900 extrema

18 2914 104 2968 oritur
125 2913 302 2984 prolongatio
326 2929 342 2971 e
371 2921 452 2970 costa
475 2913 585 2982 media,
617 2913 762 2980 redicens,
797 2921 940 2968 structura
964 2918 994 2968 et
1018 2911 1159 2982 positione

18 3001 135 3071 analoga
158 3003 337 3073 receptaculo
355 3003 541 3060 descendenti
566 3003 596 3058 iu
619 3019 722 3072 genere
742 3000 917 3076 Gynmaatle.
953 3001 1088 3056 Arulenus
1110 3002 1156 3057 in-

18 3091 123 3146 terdum
141 3099 309 3165 aggregatae
327 3109 413 3164 supra
432 3100 539 3172 costam
557 3092 679 3149 mediam
695 3100 723 3148 et
740 3093 841 3147 iterum
857 3091 969 3162 singula
985 3092 1059 3146 intra
1077 3091 1157 3174 basin

18 3181 198 3236 ventricosam
215 3183 381 3253 squamulae
401 3183 585 3253 perigonialis
606 3183 661 3238 sita
678 3181 869 3242 inveniuntur.
897 3181 1013 3250 (Teylor
1028 3181 1046 3235 l.
1064 3181 1104 3252 n.)

384 3303 780 3395 Plagioolaosma.

20 3427 48 3479 p.
66 3413 126 3464 oto.
186 3411 228 3463 li.
256 3409 569 3482 Plagloclsamo
587 3409 756 3466 Altum
775 3410 866 3480 Ldlsg.
885 3414 915 3466 et
933 3409 971 3467 N.
989 3409 1027 3464 alr
1045 3409 1079 3464 B.

89 3497 199 3553 Patriae
215 3497 307 3554 adde:
327 3498 363 3552 ad
383 3497 485 3554 fretum
505 3497 660 3566 stagettsn.
680 3499 899 3572 (Commerron).

424 3621 742 3694 ttlarctauntto.

25 3761 52 3814 p.
68 3747 137 3799 ὑπ’
161 3741 269 3798 Noram
298 3743 422 3813 spectem
450 3759 489 3797 ex
516 3741 648 3798 Ameriae
673 3743 769 3800 attulit
797 3743 826 3798 ln
857 3743 929 3798 libro
960 3755 1013 3798 suo
1038 3739 1156 3809 „Masei

123 3829 346 3903 summam
364 3831 417 3888 cel.
437 3831 588 3888 Sulllrsnt.

29 3977 55 4029 p.
71 3964 128 4014 ott.
239 3961 265 4013 t.
301 3957 565 4013 Moschorum
578 3957 846 4030 parymas-grau
863 3956 926 4010 Lio.

93 4049 166 4104 Adde
184 4048 314 4103 Patriae:
347 4045 497 4102 Columbia
523 4045 571 4101 ubi
596 4045 665 4115 legit
688 4063 750 4102 eam
770 4047 805 4103 cl.
826 4046 930 4102 Morlta
948 4043 985 4100 ad
1005 4043 1152 4103 Coloniam

30 4141 112 4194 'lorar
128 4139 191 4209 llll).
210 4137 282 4206 Reg.
303 4137 398 4192 Berol.
419 4153 446 4191 n.
468 4137 544 4210 184).

32 4281 58 4334 p.
74 4267 130 4319 ets.
196 4265 229 4317 10
244 4263 274 4318 b.
309 4245 570 4320 Marcianus·
588 4263 793 4320 museto
810 4262 961 4319 Sullirant.

96 4349 134 4408 Μ.
155 4351 309 4425 ammento
329 4353 449 4425 sessim
474 4353 618 4408 martes
641 4353 941 4428 subreptura-rutilato,
970 4355 1056 4410 sarm
1080 4357 1153 4426 apice

34 4439 260 4498 masmeaditnmn
283 4442 625 4522 mensuro-areanum
643 4441 734 4500 aalma
758 4445 835 4502 masa
857 4441 989 4508 lardaria,
1020 4441 1152 4500 iamlam

35 4533 226 4605 mono-trimme
251 4531 482 4605 mliategma'sm,
509 4532 670 4607 receptaculo
695 4534 810 4608 samio
830 4531 1021 4590 mnueircrrlrrs'
1043 4542 1150 4608 saprum·
