3060 5094
496 473 498 477 ’
606 458 781 514 Fimbriaria.
1208 463 1263 516 565

179 627 206 690 β,
227 625 419 698 Beyrs'elu'atttt,
445 628 594 694 periantbiis
614 633 777 693 nostruinstis,
798 630 876 680 barba
896 629 994 680 rubells
1014 631 1139 697 longiore,
1158 631 1262 698 pedun-

5 745 13 778 1
226 718 284 768 culo
305 719 429 768 intensius
448 719 563 767 colorato
584 732 609 768 et
627 721 759 785 pilonium,
776 717 868 771 froude
888 720 1021 770 lructilcra
1042 719 1147 768 elatere
1162 722 1261 770 oriente

225 809 342 866 ruinirna,
361 806 452 856 subtus
471 808 603 870 variegata·

327 893 451 946 Gottsclre
470 893 544 948 Iron.
565 895 665 966 Hepot.
684 895 774 948 laedit.

209 984 226 1042 β
245 983 271 1047 ⁰,
288 983 452 1046 intermedio,
479 983 581 1034 frondis
600 986 747 1034 fructiferae
767 987 1014 1052 circumscriptione,
1040 987 1216 1051 magnitudine
1237 1001 1262 1038 et

289 1073 376 1122 colore
395 1089 525 1140 purpureo
545 1073 619 1122 faciei
638 1075 757 1124 neutralis
776 1073 809 1124 sd
821 1075 931 1124 lorrusrn
946 1091 965 1136 'r
979 1071 1117 1128 Cubeusem
1129 1079 1262 1127 transiens.

208 1154 288 1224 9⁰⁸,
307 1158 406 1230 obpino.

176 1261 207 1310 7,
226 1246 358 1312 (lumen,
377 1252 472 1312 minor,
490 1251 584 1302 l'routle
603 1255 678 1322 paulo
699 1255 818 1304 breviore
839 1255 981 1320 latioreque
1001 1268 1026 1304 et
1041 1255 1157 1318 margine
1175 1255 1261 1302 minus

226 1353 314 1404 argute
333 1341 480 1402 crenuloto,
504 1342 584 1406 paleis
603 1342 804 1392 involucrslibus
829 1343 933 1392 rubetttr
962 1341 1182 1410 frequentioribus
1212 1357 1261 1407 pe-

226 1427 394 1494 dunculoque
414 1429 537 1478 intensius
557 1432 682 1482 colorato.

329 1513 451 1568 Gottrclte
469 1515 543 1569 Icon-
564 1518 664 1590 Hepot.
683 1519 774 1571 incdit.

324 1605 478 1655 Fimbriarin
508 1607 629 1657 cubensis
662 1607 750 1660 Morti.
780 1607 855 1661 Ht'st.
879 1608 956 1680 plays.
984 1618 1008 1660 et
1039 1617 1096 1661 stat.
1121 1605 1151 1658 de
1177 1601 1259 1656 Cala.

369 1691 462 1763 ΟΨ.
476 1710 507 1763 p.
526 1697 589 1748 489.
610 1705 630 1747 t.
653 1699 695 1749 19.
706 1695 736 1766 f.
757 1701 783 1749 3.
810 1699 883 1764 (leon
904 1695 1098 1762 Gottsclresna.)

180 1799 204 1865 ὃ,
224 1797 370 1862 orientatis,
398 1802 498 1862 maior,
522 1803 672 1868 periantlriis
695 1807 772 1872 paulo
800 1804 942 1854 tucioribus
966 1802 1114 1871 peduncnlc
1138 1799 1260 1864 longiori,

224 1893 302 1942 barba
323 1889 419 1937 rariore
443 1887 492 1938 sub
518 1893 681 1958 receptaculo
707 1905 732 1943 et
756 1894 856 1959 papillis
876 1893 941 1942 disci
960 1892 1140 1951 rattdtnribus,
1168 1887 1259 1938 froude

224 1977 352 2026 erenulrta
372 1995 401 2025 sc
420 1978 445 2026 iu
465 1994 491 2028 a.

324 2063 445 2118 Gottsclte
463 2065 535 2118 Iron.
555 2065 655 2136 Hepnt.
678 2066 769 2120 incdit.

182 2173 204 2216 a,
221 2151 349 2217 obturata,
368 2157 537 2223 receptaculis
556 2157 699 2205 maioribus
717 2157 987 2222 purpureo-ricinoeis
1012 2155 1111 2224 papillis
1130 2151 1259 2201 breviori-

224 2243 288 2306 bus,
311 2244 461 2310 perinntlriis
488 2245 662 2294 obtusioribus
686 2245 832 2294 minoribus
852 2246 984 2307 violaceis,
1009 2242 1163 2312 pedunculis
1188 2252 1259 2290 atro-

223 2333 359 2398 purpureis
378 2333 556 2399 pilosioribus,
573 2331 668 2382 irondc
689 2332 816 2382 fructifera
836 2335 954 2382 minima.

188 2435 310 2490 Habitat
333 2451 349 2481 ο
377 2440 406 2488 tn
428 2437 595 2505 Hispaniola
621 2435 692 2500 (Hb.
713 2437 866 2506 Spreugel,
894 2437 969 2490 uude
994 2437 1022 2490 iu
1043 2437 1101 2490 Hb.
1122 2435 1170 2499 la,
1199 2431 1258 2499 lag„

117 2525 189 2580 Flot.
208 2532 236 2578 et
258 2525 323 2594 N.);
349 2527 377 2578 in
398 2527 514 2580 Corsica
540 2525 609 2594 (Pla.
630 2525 752 2578 Thomas
777 2525 805 2577 in
826 2525 883 2578 Hb.
902 2525 937 2579 de
959 2526 1094 2594 Notaria).
1132 2523 1148 2585 β
1171 2537 1258 2590 prope

117 2613 264 2681 Xalapam
286 2613 405 2682 Beyricb
427 2617 464 2681 (n.
485 2619 528 2668 os.
549 2614 607 2668 Hb.
629 2613 700 2682 Reg.
720 2613 827 2682 Berol.)
845 2613 911 2682 legit
930 2622 959 2669 ct
976 2617 1019 2676 β·
1044 2615 1097 2669 sub
1118 2629 1143 2666 u.
1160 2615 1212 2664 tto
1230 2610 1259 2662 iu

117 2702 175 2756 llb.
196 2701 266 2770 Reg.
289 2704 379 2757 Berol.
399 2719 416 2757 a
435 2703 556 2757 Sclriede
576 2712 604 2756 et
626 2703 725 2771 Deppe
745 2703 818 2756 lecta
839 2704 867 2756 in
887 2705 969 2757 terris
990 2702 1168 2764 Maricanis;
1187 2700 1257 2760 β“

114 2789 203 2861 alpina
228 2793 255 2844 in
277 2791 345 2847 Pico
364 2794 399 2846 de
419 2794 543 2846 Oriznba
568 2793 640 2846 lecta
660 2793 838 2860 (bicburan);
872 2803 970 2848 var.'r
998 2794 1027 2846 in
1054 2792 1150 2845 insula
1176 2789 1258 2842 Cuba

114 2881 143 2933 iu
163 2879 223 2949 ripa
242 2882 371 2934 calcares
386 2881 518 2936 Carinrae
537 2880 612 2935 fluvii
634 2896 728 2934 mense
747 2881 813 2934 Jan.
835 2897 860 2932 a.
885 2885 952 2937 tenu
971 2882 1039 2950 legit
1056 2881 1090 2934 cl.
1112 2881 1180 2933 Otto
1195 2878 1257 2946 jun.

113 2967 155 3032 (in
177 2968 232 3021 llb.
254 2971 346 3026 Berol.
367 2988 393 3025 n.
412 2976 447 3024 tta
474 2978 503 3026 et
521 2971 553 3024 L.
574 2979 601 3024 et
623 2969 705 3039 lap),
730 2988 749 3032 γ
774 2969 802 3021 iu
825 2969 998 3037 Nepaliain
1027 2978 1099 3023 terra
1127 2967 1257 3035 argillosa

114 3057 200 3110 rubra
221 3073 236 3110 n
256 3059 424 3111 cl.Wallich
445 3061 516 3112 lecta
529 3070 572 3113 est
588 3060 660 3128 (llb.
672 3061 702 3113 L.
720 3066 747 3112 et
760 3060 840 3128 Lg.);
859 3075 918 3112 var.
939 3075 951 3110 t
969 3059 1089 3112 obturato
1101 3057 1129 3110 in
1143 3055 1258 3109 Mexico

114 3145 190 3211 apud
210 3145 391 3216 Comaltepec
408 3148 558 3212 (Liehman
578 3149 605 3202 in
627 3149 685 3203 llb.
705 3165 797 3217 propr.
817 3157 846 3201 et
866 3149 923 3216 G.).

187 3251 311 3305 Froudes
336 3253 425 3307 tineas
452 3255 660 3324 3-610ngae,
687 3259 774 3320 l-l}
795 3256 954 3320 limitatae,
982 3255 1257 3323 lineari-oblongae,

113 3341 176 3394 basi
196 3343 352 3410 paullulum
373 3353 549 3412 augustano,
569 3345 709 3399 indivisae
728 3347 770 3399 vel
788 3345 962 3410 (fructiferae
978 3345 1156 3414 praesertim)
1178 3343 1258 3411 apice

114 3429 236 3494 bilobae,
256 3431 432 3496 rotundatae,
453 3432 654 3499 emarginatue‚
674 3435 830 3498 coriaceae,
851 3435 943 3488 medio
962 3436 1153 3499 incrassatae,
1172 3449 1258 3501 supra

111 3517 348 3588 glauco-virides,
369 3522 444 3588 poris
463 3521 591 3574 aiiriieris
611 3521 863 3590 albo-punctatae,
884 3525 1010 3590 margine
1028 3529 1057 3575 ct
1076 3523 1176 3576 subtus
1194 3521 1259 3589 epi-

112 3605 240 3660 dermide
260 3608 557 3680 violaceo-purpurea
586 3625 688 3678 rugosa
713 3616 805 3664 tectae
831 3617 859 3664 et
878 3611 967 3665 denso
986 3611 1174 3664 radicularnm
1193 3613 1259 3665 villo

112 3695 188 3748 inter
216 3713 349 3765 squamas
374 3700 473 3766 longas
506 3701 647 3754 interdum
675 3700 776 3754 biirdos
802 3716 959 3769 purpureas
984 3706 1115 3770 protruso
1138 3697 1258 3766 obsitae,

111 3783 151 3836 ob
177 3785 318 3850 margines
346 3787 595 3857 sinuato-crispos
627 3790 723 3856 paullo
753 3789 956 3843 adscendentes
989 3789 1258 3844 snbcaoaliculatao.

111 3871 138 3924 Ε
158 3870 264 3926 t'roudis
289 3877 498 3941 emarginatura
525 3877 673 3932 adscendit
693 3878 857 3949 pedunculus
880 3877 1170 3948 bi-qnadrtlinearis,
1198 3879 1259 3935 basi

111 3962 220 4026 luscus.
240 3965 321 4031 apice
340 3966 535 4032 ochroleueos,
554 3967 643 4036 paleis
657 3969 787 4034 augustis
806 3967 979 4034 longioribus
997 3967 1116 4021 restitas
1134 3968 1183 4021 sed
1197 3968 1258 4022 basi

111 4049 189 4103 haud
209 4051 416 4114 involucratus.
443 4054 524 4122 apice
544 4057 752 4125 receptaculum
773 4073 887 4124 gerens,
907 4058 970 4124 plus
988 4057 1079 4125 minus
1102 4059 1259 4111 secundum

110 4138 333 4206 periantlriorunr
361 4143 551 4198 declivitatem
582 4161 757 4212 convexum,
787 4147 900 4215 papillis
931 4145 1012 4199 vatde
1036 4145 1258 4213 prominentibus

111 4227 322 4284 tuberculatum
341 4231 524 4302 marginequc
543 4237 737 4300 crenulaturu,
762 4234 852 4303 paleis
872 4233 1025 4289 rarioribus
1048 4234 1087 4303 (in
1107 4237 1138 4306 e)
1158 4233 1259 4288 subtus

111 4319 355 4386 propendentibus
375 4333 520 4388 ornatum,
546 4321 573 4376 in
594 4327 636 4377 tot
654 4322 749 4387 lobos,
774 4331 843 4393 quot
862 4324 968 4378 fructus
989 4325 1108 4391 adsunt,
1127 4323 1258 4380 divisum.

112 4405 276 4462 Poiantlicr
301 4409 415 4478 oblique
441 4411 572 4466 deorsum
597 4411 771 4479 spectantia,
804 4415 887 4481 longe
911 4413 1117 4482 prominentia,
1145 4411 1258 4478 hyaliua

111 4495 159 4550 vel
177 4500 427 4566 purpurascentia,
454 4501 539 4555 etiam
565 4499 594 4553 in
621 4495 713 4554 trunto
738 4510 848 4556 maturo
876 4503 957 4570 apice
975 4517 1107 4556 mucrone
1125 4501 1258 4556 tubuloso

111 4583 222 4639 intacto
241 4586 432 4654 cohaerentia,
451 4589 528 4644 rimis
541 4587 613 4644 iuter
627 4589 746 4644 lacinias
759 4591 902 4645 carinatas
917 4591 1106 4660 perangustis.
1145 4590 1259 4663 Coparnlc
