3076 5086
609 429 798 484 Dumotiiera.
1222 439 1277 488 bib

325 603 351 652 i.
388 597 656 654 Dumium
674 602 912 669 Eupolemo
931 599 967 654 N.
987 601 1023 654 ab
1045 602 1076 654 li.

204 686 243 741 D.
268 686 427 758 receptaculo
442 686 560 758 femineo
587 685 762 762 (polycarpo)
786 691 983 762 locupleeta
1001 707 1081 762 stupra
1096 690 1202 759 plebeo,
1229 696 1273 746 ὑι-

131 775 245 830 υοΙιιωὺ
264 787 368 831 tactum
386 774 513 840 retuleris,
533 775 613 830 turha
632 779 701 832 eirca
715 777 890 850 peccudum
909 778 1055 846 deiolenta,
1071 779 1172 847 froude
1189 782 1275 835 diebo-

131 877 200 919 tomo
214 865 463 921 meante-utrumme
480 863 569 918 arbim
587 866 696 922 birtulu.

275 957 444 1007 Dumortiera
461 957 613 1022 Nepaleutia
633 957 669 1009 N.
689 956 723 1010 ub
741 956 778 1010 E.
799 955 867 1028 Hep.
888 955 958 1011 Eur.
971 939 1031 1009 Ἰν.
1051 975 1081 1028 p·
1100 955 1193 1010 LXV.
1215 963 1275 1015 169.

340 1036 365 1079 et
385 1030 447 1080 168.
466 1035 491 1078 et
509 1026 537 1078 t'rt
555 1026 625 1098 Hep.
649 1028 746 1098 Wiqtt.
765 1027 834 1081 iord.

275 1115 423 1186 Hygropyla
441 1115 594 1182 Nepalensis
615 1113 715 1189 Tcylut·
733 1113 851 1170 inLt‘oa.
865 1113 1003 1170 Trumnct.
1024 1113 1126 1169 xvtt.
1137 1121 1163 1171 3.
1171 1137 1202 1190 p.
1211 1123 1274 1175 ³92.

338 1206 366 1240 a.
384 1190 411 1239 2.
439 1194 459 1237 t.
482 1189 524 1238 lo.
540 1185 571 1256 s.
588 1192 615 1241 ⁸2.
647 1189 797 1257 (eiateribut
823 1189 886 1239 fibra
907 1188 1004 1255 duplici
1028 1191 1094 1237 sicut
1117 1191 1143 1239 in
1169 1193 1274 1259 reliquis

338 1257 473 1326 praeditis.
493 1255 540 1324 G.)

275 1347 443 1397 Dumortiera
464 1345 561 1398 birtuta
580 1347 614 1400 L.
633 1358 659 1402 et
679 1347 730 1417 Ly.
749 1349 778 1401 in
796 1345 887 1402 Iaeiiaa
906 1363 963 1400 που.
983 1357 1008 1398 et
1025 1349 1090 1400 aaa.
1108 1366 1178 1418 coya.
1197 1351 1273 1423 stirp.

341 1416 414 1485 Pup.
440 1414 494 1470 lv.
515 1434 545 1487 p.
563 1422 591 1472 3.
627 1419 813 1488 (probabiliter
836 1432 943 1489 propter
967 1421 1077 1486 patriam
1104 1439 1273 1474 communem

215 1489 221 1500 '
339 1490 372 1541 ad
391 1489 456 1539 hatte
477 1491 593 1555 speciem
613 1491 769 1558 reserenda.)

205 1577 326 1630 Habitat
350 1575 420 1630 iocis
444 1575 569 1631 humidis
592 1577 733 1646 argillosis
753 1577 891 1647 Nepaiiae
916 1577 1054 1644 (Walliob
1073 1585 1101 1632 at
1119 1579 1221 1650 Tayior
1246 1584 1274 1637 in

133 1664 190 1720 Hb.
210 1664 259 1731 Ic,
288 1664 338 1732 Lg.
367 1671 396 1718 et
420 1665 456 1719 (t.
482 1665 561 1736 (9),
598 1665 722 1720 Waliiob
751 1666 779 1719 in
806 1665 863 1719 Hb.
895 1667 925 1720 L.
947 1669 1008 1736 &);
1046 1667 1074 1720 in
1100 1667 1274 1725 Courtalium

130 1755 245 1822 (Wigbt
263 1756 292 1809 iu
312 1753 370 1808 Hb.
392 1753 451 1822 N.).

204 1843 288 1898 Oba.
327 1839 456 1897 Hirsutis
482 1850 511 1897 et
538 1844 627 1897 barba
652 1845 848 1900 deficientibus
868 1861 885 1898 a
905 1843 1079 1898 Druantium
1102 1846 1205 1901 hirsute
1227 1849 1275 1902 di-

132 1935 310 2003 stingnenda.
348 1931 392 1988 ct.
411 1931 513 2000 Taylor
533 1939 648 2000 rogatus
674 1934 756 1988 nobis
780 1933 934 2002 specimina
959 1933 1107 2001 originalia
1131 1937 1275 2005 complura

132 2038 168 2076 ex
188 2022 287 2077 codem
306 2019 442 2089 caespite,
461 2035 534 2089 quae
553 2019 581 2074 in
601 2020 801 2077 dissertatione
819 2021 1066 2076 deMarcbantieis
1085 2025 1275 2091 supracitata

132 2111 274 2179 descripta
297 2115 379 2174 sunt,
411 2107 496 2164 misit.
548 2107 582 2162 ln
608 2109 706 2164 decem
734 2111 920 2180 receptaculis
947 2110 1034 2166 nostri
1061 2113 1138 2166 barb.
1157 2114 1274 2182 capituli

132 2199 294 2268 superficies
313 2197 426 2252 omnino
444 2197 545 2266 glabra
562 2205 633 2264 arat,
651 2197 798 2254 involucra
815 2200 923 2253 fructos
942 2215 1038 2254 aarum
1058 2207 1174 2255 externe
1192 2211 1271 2256 setu-

132 2291 194 2345 losa
212 2295 310 2354 arant,
329 2294 439 2342 etcum
460 2288 551 2341 linctu
570 2295 682 2342 maturo
700 2286 757 2342 iam
776 2287 885 2342 tumida
907 2295 1011 2352 assant,
1028 2289 1136 2342 setulue
1154 2306 1275 2358 superne

133 2377 205 2431 inter
224 2375 332 2430 lobulos
352 2377 523 2446 receptaculi
542 2377 739 2444 emergebaut;
758 2377 839 2431 unios
858 2375 1084 2431 relcontrarium
1102 2378 1274 2436 ln'l'ab.15.

133 2467 150 2519 l.
170 2471 195 2520 2.
232 2465 345 2534 Taylori
363 2465 507 2535 depictum
527 2463 615 2520 tides.
653 2465 816 2521 Secundum
837 2473 934 2522 nostra
952 2471 981 2520 ot
999 2467 1151 2521 amicorum
1175 2481 1273 2522 exem-

133 2554 237 2622 plario,
275 2555 311 2608 ab
342 2553 405 2623 ipso
436 2553 558 2623 'i'ayioro
588 2571 639 2625 pro
671 2553 856 2624 originalibus
886 2556 970 2620 data,
1005 2553 1154 2624 diagnosin
1191 2558 1274 2611 uliam

133 2643 338 2698 substituimus.
373 2641 547 2712 (Gottscbe.)

299 2772 326 2822 ὁ.
362 2765 627 2821 montera
644 2767 942 2834 trteaocopaota
962 2763 998 2818 N.
1018 2765 1055 2818 ab
1075 2764 1108 2818 Ε.

205 2855 244 2909 D.
271 2854 429 2927 recaptando
452 2854 571 2925 soniare
598 2851 771 2928 (polycarpo)
797 2873 904 2908 moero
930 2851 1169 2926 quiaque-meloto
1195 2872 1275 2925 supra

133 2945 233 3000 itimtu
249 2943 454 3016 wimplatae,
464 2945 565 3014 fronde
581 2943 773 3000 miceam
790 2941 1017 3016 repando-lobata
1031 2941 1133 3013 glabre.

275 3037 444 3088 Dumortiera
465 3035 654 3103 tricbocepitala
672 3035 708 3087 N.
716 3033 749 3088 ab
756 3033 793 3088 Ε.
808 3034 877 3106 Hep.
889 3033 959 3087 Ettr.
971 3031 1023 3086 IV.
1038 3049 1067 3104 p.
1077 3029 1170 3085 LXV.
1179 3036 1274 3087 &449-

278 3123 432 3174 Morabantia
452 3121 644 3247 t⁷riloitucepbala
670 3113 756 3178 Hooit.
776 3122 848 3176 Ioort.
869 3121 909 3194 pl.
934 3121 976 3176 ΙΙ.
1002 3131 1022 3176 t.
1047 3125 1107 3176 168.
1146 3120 1276 3192 Dougltm

339 3211 390 3248 m.
409 3211 436 3246 71.
493 3231 500 3245 0

205 3281 325 3338 Habitat
342 3287 371 3336 ln
387 3281 494 3336 insulis
507 3279 751 3336 Sandvlccusibus
770 3280 866 3336 densis
884 3281 1004 3353 latisque
1023 3281 1117 3336 stratis
1136 3297 1275 3338 crescens.

134 3371 293 3440 (Douglasa
311 3371 340 3426 in
361 3371 418 3425 Hb.
441 3371 513 3440 Hit.)

204 3461 321 3516 Fmodet
334 3460 510 3527 imbricatae,
522 3459 633 3514 intenae
650 3458 767 3525 aindas,
777 3473 895 3528 opaeae,
908 3457 1150 3526 membranaceae,
1163 3461 1274 3516 lobato-

132 3549 327 3618 pinnatiiidac,
342 3549 414 3604 lobia
426 3548 556 3617 oblongis
574 3547 684 3603 obtusis
702 3545 1023 3616 sinuato-pinnatifidiar
1039 3554 1190 3605 contextus
1203 3551 1274 3605 den·

133 3656 191 3706 sua,
211 3641 247 3694 ad
267 3641 380 3694 modum
393 3636 567 3693 ierePella'ue
584 3637 738 3710 epipiyllae,
749 3653 840 3708 neque
855 3635 912 3690 ulia
928 3635 1084 3691 reticulatio
1103 3637 1179 3692 nudo
1194 3641 1276 3694 oculo

134 3727 261 3794 adparet.
298 3727 451 3782 Peduaeule'
469 3743 505 3781 ex
526 3727 608 3795 apice
628 3733 678 3780 aut
695 3727 778 3781 iuxta
804 3725 913 3796 apicem
937 3723 1064 3780 ioborum
1089 3727 1196 3782 frondis
1219 3730 1276 3793 siti,

133 3817 169 3868 ab
188 3817 270 3871 initio
290 3815 391 3872 breves
410 3823 439 3871 at
457 3816 550 3886 pilosi,
570 3816 682 3870 demum
703 3815 850 3884 pollicares
865 3823 893 3870 et
905 3813 1158 3884 sesquipotticcrea
1176 3815 1275 3881 glabri.

135 3905 336 3978 receptaculum
355 3904 625 3974 hemisphaeriorum,
649 3917 737 3974 supra
755 3903 893 3959 hirsutam
913 3895 977 3973 pilis
996 3905 1087 3972 longis
1105 3905 1219 3972 erectis,
1246 3907 1275 3959 in

133 3995 239 4050 ambito
259 3993 544 4066 subquiaquelobntn.
580 3992 722 4048 Iauolaera
736 3993 850 4064 proptia
867 3999 910 4049 tot
927 3999 996 4064 quot
1011 3992 1069 4047 lobi
1084 4000 1160 4060 suut,
1175 4010 1274 4050 mono·

132 4099 229 4152 carpo.
275 4083 403 4157 capsulae
425 4083 475 4152 (ad
503 4083 626 4156 iconem)
654 4088 800 4149 exsertae,
828 4081 1060 4151 campanellam,
1091 4083 1275 4153 quadrifidae,

132 4170 243 4226 laciniis
261 4172 353 4227 oratis
374 4171 496 4228 reilexia.

205 4365 428 4436 Receptauuiuna
441 4278 936 4440 temteeichvamiiuorum
944 4365 1277 4438 (bravipeduneulatuml.

133 4453 291 4525 Epidermia
309 4456 413 4519 tennis.
431 4458 497 4513 laxe
518 4457 675 4514 reticulata.

278 4546 313 4600 Ν.
333 4543 366 4599 ub
385 4545 420 4602 Ε.
441 4548 510 4618 Hep.
532 4547 601 4602 Eur.
623 4547 675 4602 IV.
692 4567 719 4618 p.
741 4547 851 4602 LXVI.
870 4567 896 4602 a.
918 4552 976 4602 168.

974 4671 989 4714 8
1003 4673 1017 4716 b
