3108 5080
608 401 796 472 Impbnnolea.
1220 405 1272 461 tar
1319 409 1325 424 ¹

274 573 440 641 Lopboroles
468 573 659 626 Gandiobsadii
694 574 782 628 Most.
805 570 870 626 Bae.
896 569 942 626 cr.
973 573 1002 626 itt
1025 571 1086 626 itta.
1118 575 1192 628 nanis
1227 577 1272 637 „la

340 659 458 714 Banite“
482 661 581 714 eirenen
605 670 706 716 terram
730 673 749 716 t.
780 658 883 729 libs.
909 662 934 714 4.
973 659 1074 715 Annei.
1098 662 1142 716 aa
1159 679 1194 718 aa.
1214 672 1271 718 aet.

340 747 421 802 Arrii
440 753 517 806 184³.
532 767 563 821 p.
582 753 755 805 mamb.

201 853 235 906 ln
263 853 366 908 lnsnlis
390 855 541 909 Sendwiob
570 855 606 909 ed
626 856 757 910 arborum
781 855 913 910 nortioom
937 853 1140 922 (Gandioband
1165 857 1193 910 ln
1213 857 1270 912 Hb.

126 944 170 996 bt.
189 949 220 996 et
241 942 277 995 N.
295 960 325 998 ιι.
342 945 400 1012 20.)

202 1053 236 1105 ln
257 1066 313 1104 nno
332 1049 485 1119 specimine
512 1050 665 1116 marginem
690 1051 858 1114 venusiam,
883 1054 951 1104 3-4
976 1049 1108 1103 dentibus
1134 1049 1270 1104 munitum

127 1139 222 1195 annuo
247 1141 277 1193 in
300 1138 420 1206 septimo
445 1138 573 1192 loliorum
596 1139 657 1208 pari
682 1139 930 1208 subperiobaetiali
950 1139 1063 1192 alterius
1081 1138 1177 1192 lateris
1198 1139 1270 1192 ridi·

126 1245 201 1296 mns,
221 1229 287 1282 dnm
306 1227 336 1281 in
356 1226 444 1281 altero
463 1227 550 1281 latare
571 1227 670 1280 dentes
689 1233 795 1281 tantum
816 1228 852 1281 ad
866 1227 977 1281 tertium
991 1243 1042 1296 par
1053 1227 1272 1282 descendebant.

127 1320 162 1372 ln
183 1318 311 1382 novellis,
330 1315 378 1370 nbi
398 1317 476 1370 loons
496 1313 718 1370 lrnotilioationis
737 1316 892 1369 terminalis
912 1315 1068 1378 uidebatur,
1088 1317 1187 1371 dentes
1204 1325 1269 1372 tan-

127 1414 186 1458 tum
207 1405 237 1459 in
256 1404 367 1458 dnobus
386 1403 504 1473 paribus
522 1403 715 1473 superioribus
734 1411 824 1458 erant.
855 1405 1027 1473 (Gottsolno.)

361 1551 402 1602 to.
439 1547 689 1615 mapaoaatea
706 1547 881 1603 metra
899 1548 935 1600 N.
956 1547 993 1601 ab
1013 1547 1045 1600 n.

201 1656 236 1708 L.
265 1653 337 1708 naula
359 1654 546 1726 procumbente
572 1654 730 1717 diabatomo.
755 1654 836 1725 saliis
868 1653 1013 1708 imbricatis
1041 1653 1270 1710 semiantiaalibur

125 1743 331 1813 orato-oblonys'r
362 1744 459 1797 obtusis
482 1745 675 1811 mummia,
707 1743 905 1814 ampblpastra'ir
931 1745 1016 1796 altera
1044 1740 1124 1796 latere
1153 1743 1270 1796 connatis

125 1835 209 1888 matie
225 1833 358 1904 profunde
376 1831 464 1904 bifidis
480 1833 618 1902 separantis
634 1832 793 1885 acuminatis
809 1833 928 1903 nsarpine
939 1831 1098 1895 lner'nulutir⁹
1108 1831 1206 1902 fructu
1225 1871 1269 1885 ...

273 1942 473 2008 Jtrngermannia
485 1941 590 1990 Bridelii
605 1937 715 1992 L.etL.
730 1939 759 1992 in
769 1938 862 1992 Lebnt.
877 1939 948 2008 Pup.
956 1937 995 2009 pl.
1010 1937 1061 1992 IV.
1075 1937 1173 2006 (1832)
1182 1956 1210 2010 p.
1225 1942 1268 1991 45.

271 2031 473 2094 Jungermannia
493 2031 659 2080 canaliculata
680 2027 765 2080 Herb.
786 2027 891 2082 Brt'del.

274 2115 397 2170 Gottsabe
416 2115 457 2170 Ia.
477 2116 549 2187 Hep.
568 2115 660 2170 laedit.

201 2223 325 2278 Habitat
343 2223 371 2278 in
393 2224 476 2278 Nora
495 2223 650 2278 Hnllandia
667 2222 740 2293 (Hb.
760 2224 793 2280 1..
811 2232 840 2278 et
859 2225 917 2278 Hb.
937 2225 1065 2292 Bridol.).

268 2391 309 2440 tt.
346 2383 594 2452 linpbooolea
610 2383 966 2456 nmmapnyarotaea
992 2381 1026 2436 N.
1046 2383 1082 2435 ab
1101 2384 1134 2436 E.

201 2493 236 2548 L.
262 2495 335 2546 anule
359 2489 519 2562 rnbsimpliei
539 2489 736 2561 procumbente,
758 2489 840 2562 foliis
867 2488 1098 2544 semiamiealibue
1124 2492 1152 2545 in
1175 2492 1268 2564 planta

114 2582 272 2653 fructifera
295 2578 521 2649 (bariaontaiibus
538 2579 566 2631 in
581 2578 621 2650 pt.
639 2579 744 2650 sterili)
757 2579 848 2651 planu
864 2576 1102 2632 onata-orbiculatis
1116 2580 1268 2650 subretun's,

123 2670 323 2746 ampbiyastruis
339 2668 422 2722 altera
438 2671 522 2722 latere
540 2669 657 2721 connatis
675 2668 760 2740 bifidis
779 2668 834 2722 basi
852 2667 1074 2721 ditata-dentatis
1096 2665 1201 2721 luduin
1223 2687 1267 2722 ru·

124 2761 223 2815 balatis
241 2758 425 2828 intepet-rimis,
434 2756 534 2827 fructu
551 2756 696 2820 teminali,
709 2757 862 2828 periantbia
880 2756 1009 2828 triquetra
1021 2755 1124 2824 napata
1142 2755 1184 2810 ala
1195 2755 1268 2812 nullu

123 2853 199 2922 apiae
223 2845 510 2910 dentato-iminium,
527 2845 608 2915 soliis
632 2844 832 2901 tantumlibet
854 2844 1029 2916 conformibus
1051 2845 1125 2916 apiae
1147 2845 1268 2916 repandis

123 2937 278 3002 (interdum
302 2936 447 3005 dentatis),
479 2934 667 3006 ampbipastrin
697 2935 813 3008 aalynian
844 2951 939 3004 meana
963 2932 1041 3004 bifido
1064 2931 1169 2988 larinie'a
1191 2935 1267 2986 dente

124 3026 232 3082 laterali
250 3025 325 3094 leupo
343 3033 488 3076 extrorsum
502 3024 633 3095 praedito.

268 3115 470 3178 langermannia
489 3115 616 3164 recubans
638 3110 737 3183 Taybor
758 3112 823 3166 Mra.
843 3112 871 3165 t'n
891 3110 948 3166 Hb.
969 3111 1054 3181 Laba.

270 3199 394 3256 Gottsabs
413 3199 454 3254 Ia.
472 3201 544 3273 Hep.
562 3201 632 3256 inea.

181 3313 208 3374 β,
229 3313 323 3371 minor,
343 3309 410 3357 loliis
429 3309 552 3358 omnibus
571 3327 674 3359 sursum
694 3309 899 3359 conniventibus.

198 3413 317 3468 Habitat
334 3411 363 3465 ln
383 3411 466 3466 Nora
483 3411 637 3468 Hollandiu
666 3414 777 3482 (Sieber
795 3415 824 3468 in
846 3412 903 3468 Hb.
925 3411 961 3465 N.
979 3413 1032 3465 snb
1051 3429 1078 3466 n.
1098 3417 1143 3465 54.
1164 3412 1262 3469 trunti-

122 3503 182 3558 iera
201 3510 230 3557 et
248 3501 351 3556 sterilis
369 3503 421 3555 sub
442 3519 468 3554 n.
487 3503 541 3569 47.)
561 3503 596 3556 ad
617 3503 718 3556 tlnmen
729 3503 888 3570 cygnorum
909 3501 976 3568 legit
989 3501 1072 3556 Febr.
1090 3507 1157 3557 1843
1167 3503 1264 3559 Jnmes

123 3590 301 3647 Drnmmond
319 3589 391 3658 (Hb.
411 3589 530 3657 Taylor,
556 3590 606 3658 Lg.
626 3598 654 3644 et
673 3591 719 3658 G.)
744 3592 883 3656 sterilem;
914 3595 932 3655 β
957 3591 986 3645 in
1007 3591 1080 3646 Cbili
1104 3593 1133 3645 in
1154 3593 1211 3647 Hb.
1231 3596 1264 3648 t..

120 3685 174 3737 snb
194 3681 306 3736 nomine
325 3679 465 3750 Laplwanl.
485 3681 600 3734 tumidae
620 3679 711 3748 Laba.
729 3689 899 3735 asservetur.

194 3785 333 3840 Proxima
356 3783 421 3838 baio
446 3791 490 3839 est
513 3800 586 3854 qnae
612 3786 738 3856 seqnitur
762 3786 796 3840 L.
815 3787 959 3858 aepuifhlia
983 3794 1013 3842 et
1034 3788 1127 3842 tarsen
1153 3789 1263 3844 nonnisi

120 3878 260 3940 varietas,
280 3883 374 3929 tamen
393 3890 458 3928 oum
477 3890 533 3928 non
553 3891 634 3930 omno
653 3875 770 3928 dubium
789 3877 948 3932 absnlntnm
968 3876 1021 3944 eit,
1042 3892 1105 3930 cnm
1124 3877 1172 3932 illa
1191 3895 1260 3934 oon-

119 3967 236 4036 iungere
261 3963 411 4019 noluimus.
450 3964 569 4018 Plantae
590 3963 648 4016 Hb.
668 3962 700 4018 1..
721 3964 749 4017 in
774 3966 845 4019 Cbili
864 3981 951 4034 prope
970 3964 1143 4033 Conceptinn
1164 3966 1262 4030 lentae,

119 4059 142 4110 si
163 4073 179 4111 e
198 4054 412 4109 innotifioatinno
431 4052 532 4108 iuniori
553 4060 750 4122 argumentum
770 4054 934 4121 depromere
952 4054 1032 4118 licet,
1060 4055 1173 4109 omnino
1197 4071 1262 4108 oum

118 4148 216 4216 plenta
242 4161 258 4196 e
281 4141 361 4196 Nova
385 4142 538 4197 Hollantlia
563 4140 744 4195 conveniant.
782 4141 884 4197 Planta
908 4143 1011 4197 sterilis
1035 4158 1063 4196 n.
1082 4147 1128 4197 47.
1153 4149 1261 4196 tantum

118 4234 192 4288 loliis
218 4232 364 4286 latioribus
388 4241 416 4284 et
443 4230 595 4285 maionbus
629 4230 891 4302 ampbigastriisqae
914 4231 1068 4286 minoribns
1093 4232 1188 4302 paullo
1215 4246 1258 4284 re-

117 4323 202 4378 aedit.
231 4348 267 4363 -·
303 4321 348 4376 Ex
368 4321 506 4376 sententia
525 4321 561 4374 nl.
580 4319 779 4388 Lindenbergii
799 4321 896 4390 planta
914 4321 962 4374 ille
981 4321 1110 4389 oupensis
1134 4319 1168 4372 L.
1186 4319 1258 4372 bete-

116 4413 236 4485 rapltylla
268 4411 420 4484 esimpleu
448 4411 591 4482 qnondam
619 4409 764 4478 (binnam
796 4410 848 4464 IV.
882 4427 910 4479 p.
929 4412 997 4479 ³6³)
1032 4411 1086 4463 bne
1119 4407 1260 4476 pertinere

117 4501 237 4556 uidetur.
