3140 5112
265 409 320 461 ³0⁸
635 403 869 474 Omphalantbus.
907 403 1055 473 Lejcunla.

265 580 382 633 chiru
401 569 541 636 lateralis,
570 571 693 627 seriatim
712 573 876 643 dispositus.
915 574 1104 628 Perimultiaes
1122 574 1292 634 cbnretum.
1315 576 1413 644 cylin-

265 665 389 726 dricurn,
418 677 466 715 ore
493 660 627 730 ampliato
651 663 1015 718 truncato-umbilleatum.
1052 663 1133 718 Folia
1150 663 1324 719 insolenciis
1343 665 1415 720 bina

264 751 427 810 conformia.
470 748 535 803 Sera
561 749 742 813 breuissima,
769 752 819 806 rix
843 769 860 806 e
887 751 1045 821 perianthio
1070 752 1240 820 prominens.
1283 755 1415 822 capsula

264 836 499 898 ovato-rotunda
517 838 603 902 fulva,
623 839 723 892 valvae
741 851 853 894 erectae
871 845 981 894 cratae.
1017 839 1135 909 (Μῦς.)

336 947 420 1000 ons.
459 944 504 998 an
532 945 566 998 0.
591 943 743 1017 mengum
769 944 863 999 einen
891 945 966 1000 toliis
981 932 1154 1017 'pierumque
1186 946 1267 1015 apice
1293 947 1413 1000 senous

266 1037 328 1090 basi
347 1035 516 1087 decurrente
535 1033 680 1087 evidenter
700 1033 889 1102 complicatis,
915 1034 1108 1102 ampbigastrli
1129 1035 1237 1089 laciniis
1257 1051 1312 1088 non
1336 1051 1409 1090 con-

263 1122 436 1181 niventibus.
473 1120 543 1176 Ver.
563 1138 582 1183 γ
602 1121 680 1176 laenis
695 1120 769 1176 loliis
784 1122 973 1190 integerrimis
987 1125 1103 1192 propius
1119 1123 1156 1179 ad
1172 1123 1205 1177 Ο.
1223 1122 1413 1195 Macer

262 1212 372 1268 accedit
399 1208 448 1262 sed
474 1209 595 1265 maiores
623 1210 752 1264 loliorum
773 1210 874 1274 lobnli,
902 1211 1104 1280 amphigaetria
1129 1219 1158 1265 et
1181 1211 1295 1266 habitus
1318 1212 1410 1280 magis

261 1319 325 1358 cnm
346 1300 380 1354 0.
399 1295 536 1370 wlturna
554 1300 743 1354 consentiunt.

253 1524 257 1532 Ι
446 1447 474 1498 8.
512 1444 831 1512 vapulantibus
847 1442 1116 1510 rentsttpnlus
1139 1442 1230 1512 Ldbg.

335 1554 368 1606 0.
387 1549 461 1604 ocule
474 1548 659 1622 promimbente
676 1568 793 1614 ramoso,
821 1550 903 1602 conus
920 1547 1062 1617 elnepntis,
1077 1547 1158 1618 stillis
1174 1560 1246 1603 arcte
1263 1551 1410 1605 imbribusis

261 1641 467 1696 cordato-onmis
496 1639 613 1708 margins
642 1639 755 1692 oentrali
777 1637 958 1692 uslutrduluiis
985 1638 1069 1690 omlis
1096 1639 1170 1708 apice
1194 1635 1410 1692 mldenticulutis

261 1731 318 1784 bosi
334 1727 424 1782 nultus
441 1730 541 1781 minute
558 1727 732 1799 complicatis,
760 1728 958 1799 nmpdignstriir
975 1721 1192 1780 innumeralibus
1208 1729 1329 1796 momine
1345 1727 1405 1782 sisb-

261 1816 397 1872 srndarlale's
416 1818 546 1869 nnumin
564 1814 709 1871 beonnae
727 1815 1053 1886 emuiyimto·bidentnlis
1076 1815 1194 1869 dentibus
1216 1821 1299 1874 noua}
1316 1815 1407 1873 conni-

259 1903 384 1968 mun,
398 1905 558 1975 pmiautltiir
576 1907 604 1958 in
623 1906 726 1960 morula
744 1905 849 1960 laterali
864 1905 982 1958 scandis
1000 1905 1118 1958 seriatim
1136 1906 1264 1974 dispositis
1282 1908 1408 1964 ouvelais

260 2013 305 2048 ors
324 1992 408 2046 inem
427 1995 517 2048 incisis
535 1993 640 2048 bebetis
658 1995 768 2066 infimis.

334 2099 455 2152 Habitat
474 2100 502 2151 in
522 2098 619 2153 lusnla
640 2101 684 2155 St.
705 2101 847 2156 vincentii
868 2099 937 2166 (Hb.
959 2099 1038 2167 tin).

333 2208 418 2260 Obs.
458 2205 491 2258 0.
510 2205 648 2278 sulphureo
668 2207 791 2261 maxime
810 2207 912 2272 affinia,
939 2206 989 2260 sed
1015 2205 1089 2259 loliis
1108 2207 1306 2260 subnndulatis
1325 2210 1407 2276 apice

259 2295 371 2350 inllexis
399 2295 504 2348 arctius
534 2295 705 2359 imbricatis,
739 2293 948 2364 amphigaatriis
982 2294 1040 2348 lere
1076 2304 1177 2350 exacte
1212 2297 1407 2351 caniformibus

260 2385 353 2438 medio
378 2382 514 2437 convexis
541 2385 668 2451 margine
694 2385 786 2453 pinnis
815 2383 1016 2437 subundulatis
1044 2383 1216 2453 subintegris
1243 2387 1286 2439 uel
1314 2388 1407 2441 medic

261 2475 340 2540 apice
360 2471 524 2527 breuissime
544 2474 737 2540 emarginatc·
749 2472 901 2527 bidentulis
921 2472 990 2526 satis
1010 2471 1121 2527 differre
1140 2475 1259 2529 vidntur.

405 2646 599 2714 XXXVI.
644 2645 883 2738 hejeunln
909 2646 1071 2712 Gottselre
1095 2657 1128 2711 et
1151 2647 1258 2732 Ldbg.

259 2789 419 2858 Lejenuiae¹
431 2804 524 2857 specu.
545 2789 582 2842 N.
601 2788 633 2841 si
652 2787 687 2840 Ε.
707 2797 733 2840 et
751 2796 833 2841 arieti.
869 2787 1110 2853 lungermannine
1130 2802 1222 2854 epeco.
1241 2800 1323 2842 aucit.

329 2895 501 2962 Monogyna.
540 2894 666 2962 Capsnla
686 2893 721 2946 ad
742 2893 865 2946 medium
884 2909 974 2962 usque
989 2893 1146 2963 quadrifida
1166 2893 1404 2960 (membranacea,

256 2984 376 3054 pallida)
394 2981 485 3036 ualuis
503 2981 730 3037 conniventibus.
768 2981 929 3035 Pedicellus
948 2983 1083 3050 capsulae
1100 2989 1165 3050 post
1183 2981 1402 3036 exsiccationem

257 3070 640 3140 tubetoso-genieulatus.⁸)
678 3070 805 3124 Elatcres
827 3071 856 3123 in
882 3071 1012 3139 apicibus
1041 3072 1185 3125 valvarum
1213 3073 1400 3142 persistentes,

257 3151 359 3222 erecti,
385 3158 514 3226 unispiri.
554 3159 747 3214 Perianthinm
766 3160 848 3214 orale
869 3171 917 3212 aut
935 3161 1102 3228 oblongum,
1130 3161 1237 3214 ambitu
1262 3169 1333 3213 teres
1356 3159 1401 3212 uel

256 3251 439 3317 angulosum,
469 3262 561 3317 neque
581 3247 712 3318 utrinque
731 3251 889 3319 aequaliter
907 3251 1072 3318 depressum
1092 3267 1183 3319 neque
1202 3265 1403 3318 compressum,

256 3340 336 3394 vario
354 3338 437 3390 modo
456 3338 572 3402 alatum,
591 3337 748 3403 cristatum,
768 3346 818 3393 aut
831 3338 860 3392 in
875 3339 985 3407 anguiis
997 3339 1133 3404 cilinium,
1152 3357 1201 3394 ore
1221 3341 1402 3409 tri-qnodri-

257 3429 331 3482 labo.
372 3425 580 3496 Amphignstrio
600 3427 663 3481 aliis
682 3427 801 3497 integra,
821 3428 884 3482 aliis
902 3427 996 3482 bifida.

328 3531 480 3600 vegetatio
498 3541 530 3587 ut
548 3535 576 3588 in
596 3534 817 3605 Plurnpmicomn,
842 3534 984 3604 pictisque
1005 3535 1110 3598 laxior,
1135 3537 1300 3599 flacciduln;
1324 3537 1404 3590 caule

258 3623 443 3677 lasciculatim
463 3624 507 3677 rel
525 3623 718 3694 irregulariter
737 3639 856 3688 ramoso,
882 3623 956 3679 loliis
976 3622 1115 3684 mollibus.
1131 3623 1296 3693 perianthiis
1319 3641 1404 3694 qnare

257 3727 308 3780 pro
328 3708 421 3764 fructu
440 3711 611 3777 maioribus,
636 3713 761 3782 capsulis
780 3712 900 3776 teneris,
926 3712 1094 3782 pedunculis
1112 3715 1266 3769 nodulosis.
1306 3715 1404 3770 Genus

258 3811 368 3854 vastum
397 3800 541 3868 plantulae
567 3802 724 3856 mediocres
748 3809 777 3857 et
802 3817 921 3870 paruas,
951 3802 1056 3857 multas
1080 3803 1166 3857 etiam
1192 3805 1327 3872 exignus,
1357 3804 1403 3856 vix

192 3901 197 3912 ·
257 3887 334 3942 nudo
363 3891 445 3942 oculo
475 3888 616 3954 visibiles,
653 3891 819 3954 corticoles,
851 3890 1004 3956 loliicolas,
1037 3893 1181 3960 elegantes
1206 3894 1404 3962 complectens.

331 3997 429 4049 Genus
447 3997 505 4050 late
524 4011 574 4066 per
592 3997 689 4051 orbem
708 4003 844 4052 terrarum
864 4013 1009 4066 sparsum,
1038 3997 1167 4067 inprimis
1190 3997 1263 4050 iritet
1282 3997 1405 4065 tropicos

258 4093 286 4140 et
313 4087 340 4140 in
367 4101 440 4139 zona
464 4086 600 4141 calidiore
626 4087 817 4156 extratropioa
840 4085 1013 4154 indigenum.
1050 4087 1084 4141 ln
1104 4088 1265 4141 nniversam
1284 4097 1403 4137 enume-

259 4183 355 4228 rantur
374 4176 484 4244 speeies
510 4179 565 4230 236
592 4177 695 4246 quibus
719 4176 858 4230 accedunt
882 4176 1050 4238 nonnullae,
1078 4176 1113 4228 de
1139 4189 1258 4244 quarum
1282 4172 1349 4224 sede
1375 4171 1404 4223 iri

313 4448 340 4515 ⁸)
366 4449 395 4499 In
415 4449 499 4517 planta
520 4449 575 4497 vivs
594 4449 681 4510 laevis,
700 4449 798 4501 cellulis
822 4453 892 4502 enim
918 4448 1210 4517 brevibusprismatieis
1229 4445 1405 4512 componitur,

368 4553 478 4603 quarum
498 4535 572 4586 beser
590 4551 650 4605 post
667 4540 865 4590 exsiccationem
884 4540 999 4607 speeiem
1018 4537 1189 4605 geniculatam
1208 4533 1341 4603 praebent.
