3112 5092
647 375 802 446 lirullanls.
1245 399 1301 452 40⁰

224 561 369 616 lnaoluorl
394 561 462 616 lolia
482 561 540 616 duo
559 561 604 616 sel
623 565 763 632 quatuor,
786 547 927 614 interdum
951 559 981 614 in
1007 560 1119 616 tertium
1143 579 1196 632 par
1219 579 1298 620 eons-

150 659 278 718 mntata,
305 651 517 717 subdiliormie‚
543 651 672 706 lobolate
699 665 754 705 nee
778 649 952 715 annealata,
978 665 1065 720 saepe
1082 659 1163 720 parte
1181 653 1301 708 ventrali

151 755 217 795 oum
237 741 441 810 ampbignstrio
460 741 628 796 involuerali
649 741 740 796 altero
759 740 848 794 latere
865 739 911 791 vel
929 744 1049 808 atroque
1066 744 1214 816 densata..

224 831 437 886 infloreseentia
455 831 611 885 masculina
625 831 654 884 in
671 829 804 884 distinato
819 827 967 882 indlridno
986 829 1030 881 rel
1049 827 1141 882 rarius
1153 829 1182 881 in
1200 829 1300 884 eadem
1415 851 1419 858 ·

150 935 217 976 enan
241 920 348 974 lemine
373 920 470 989 stirpe.
511 919 625 974 ltamali
647 919 766 972 masenii
793 917 969 986 spioilormes
995 919 1039 971 vel
1064 917 1165 973 breves
1187 917 1219 973 ia
1236 919 1298 986 glo·

146 998 252 1066 'lanium
271 1009 389 1066 conlerti
408 1011 445 1080 (a.
463 1025 489 1077 g.
510 1008 562 1063 Fr.
582 1007 722 1078 masa),
740 1007 784 1062 rel
800 1005 917 1076 julaoel,
938 1011 1016 1060 arete
1033 1005 1180 1061 imbricati.
1221 1005 1302 1063 Folia

152 1097 340 1172 perigonialia
358 1099 535 1162 ventrieosa‚
556 1099 664 1162 biloba,
683 1095 756 1151 labis
775 1094 999 1165 subaequalibus
1019 1095 1191 1150 maiusculis.
1231 1098 1300 1152 Am·

150 1189 308 1261 phigastria
326 1187 511 1259 perigonlalia
529 1187 635 1255 exigua
655 1193 705 1241 aut
725 1187 814 1241 nulla.
851 1185 983 1240 Stamina
994 1185 1069 1239 intra
1081 1183 1164 1240 basin
1175 1183 1301 1240 inflatam

153 1277 284 1333 loliorum
304 1278 521 1348 perigenialium
540 1276 653 1344 singula
671 1275 786 1330 binare.
823 1275 950 1330 Anthera
969 1277 1103 1345 globosa:
1127 1275 1301 1331 filamentnna

124 1405 125 1408 ,
152 1367 260 1437 graeile
285 1359 459 1438 longitndine
486 1366 544 1420 lere
569 1363 699 1419 diametri
724 1363 874 1428 antherae,
901 1371 1054 1433 septetum.
1098 1363 1301 1419 innovationes

151 1471 169 1510 e
188 1456 296 1511 ramulo
315 1455 458 1510 iruetiiero
477 1457 531 1509 sub
551 1455 679 1509 loliorum
697 1453 761 1522 pari
781 1453 865 1507 tertio
884 1459 1052 1522 exsurgunt,
1071 1455 1117 1508 vel
1136 1454 1227 1510 rarius
1246 1455 1300 1510 sub

151 1545 215 1615 ipso
233 1546 387 1620 involucro,
406 1551 438 1598 ut
456 1560 481 1598 e.
502 1561 529 1612 g.
550 1545 579 1598 in
599 1541 936 1598 FrnllosrieHatolinsine.

225 1633 305 1689 Folia
322 1633 436 1699 incubo,
456 1635 529 1690 ouali
539 1634 677 1689 -rotunde
697 1633 742 1686 vel
761 1631 1033 1698 evall-aeuminata,
1053 1632 1154 1687 subtus
1165 1631 1194 1687 in
1215 1632 1297 1688 lobu-

152 1723 211 1778 lom
230 1721 357 1776 inflatum
375 1722 560 1794 (medalem)
578 1723 770 1791 galeiiormem
790 1721 834 1776 vel
854 1721 1189 1788 saoeato-elaaiiormam‚
1209 1722 1300 1777 rarius

150 1810 182 1865 in
201 1810 334 1865 laminam
354 1813 645 1868 ovato-laneeolatam
668 1812 886 1867 canaliculatam
906 1811 1087 1883 abeuntia').

225 1901 437 1970 Amphigastria
455 1910 549 1967 ovata,
571 1893 661 1957 rarius
680 1903 798 1969 integra.

226 1991 347 2044 Plantae
365 1991 517 2045 eortloolae
536 1997 586 2045 aut
605 1991 767 2056 saxicolae,
787 2007 823 2045 ex
843 1991 1110 2060 ampbigastrioram
1129 1989 1300 2060 gibbositate

152 2081 314 2137 radloantes
331 2080 426 2148 (eaulo
445 2082 508 2150 ipso
528 2081 717 2135 radienlarum
736 2083 881 2150 experte),
902 2087 979 2135 arete
998 2087 1137 2150 repentes,
1156 2081 1300 2148 eleganter

151 2171 288 2242 pinnatae
308 2171 350 2225 vel
370 2171 449 2226 vario
468 2171 552 2226 mode
572 2170 900 2239 plumoso-ramosae,
919 2170 1001 2225 eanle
1020 2169 1098 2223 tenui
1117 2167 1248 2237 rigidulo.

224 2261 320 2320 Maior
343 2265 410 2336 pars
434 2262 609 2330 specierum,
634 2275 754 2330 quaram
782 2263 833 2314 tea
851 2259 1052 2328 eognovimus,
1074 2259 1157 2311 terris
1176 2256 1296 2310 ualidio-

153 2349 234 2403 ribus
253 2351 397 2421 adscripta
421 2359 481 2418 est;
507 2353 581 2407 inter
605 2353 657 2406 bas
682 2351 756 2406 duae
780 2356 847 2406 suut
870 2350 996 2404 incertae
1021 2346 1097 2402 sedis
1114 2345 1299 2416 probabiliter

155 2445 249 2494 autern
273 2442 422 2496 Amerioae
447 2442 626 2497 meridionali
650 2441 812 2510 indigenae.
862 2439 1001 2508 Reliquae
1028 2442 1164 2508 sequente
1191 2434 1300 2489 ratione

151 2535 218 2583 sunt
236 2529 421 2588 distributae:

226 2619 391 2689 Enropaeae
410 2627 476 2675 sunt
493 2625 521 2688 5,
546 2637 666 2692 quarum
684 2638 742 2675 una
760 2617 926 2690 (Fnsllonie
945 2615 1114 2685 Tesnosisoa')
1132 2629 1183 2684 per
1201 2612 1299 2667 orbem

152 2711 291 2760 terrarum
316 2709 477 2779 diuulgata,
507 2717 519 2765 l
549 2727 600 2780 per
624 2726 734 2766 omnem
760 2711 903 2780 Europam
926 2715 956 2764 et
979 2724 1030 2777 per
1055 2707 1180 2761 Insulam
1204 2705 1297 2758 l'eno·

152 2797 243 2852 sillam
272 2799 418 2868 dispersa,
451 2799 576 2871 reliquae
601 2801 704 2870 partlm
731 2798 904 2865 Hiberniae,
933 2804 983 2852 aut
1007 2798 1107 2852 saltem
1134 2793 1300 2849 Britanniae

151 2886 332 2958 adseriptae‚
369 2889 537 2960 illarumque
575 2905 632 2943 una
660 2887 824 2956 (Frullanio
853 2888 1044 2958 Hateriimiae)
1078 2886 1164 2940 etiam
1196 2884 1299 2936 darem

151 2977 267 3045 incolit,
302 2993 359 3033 una
393 2979 476 3033 etin
515 2979 618 3032 Saecla
648 2987 733 3048 atque
762 2977 791 3033 ln
825 2978 928 3034 silesia
957 2979 1075 3032 inventa
1104 2981 1162 3038 eat;
1199 2973 1299 3026 barum

153 3070 248 3120 antem
281 3081 338 3121 una
366 3069 452 3122 etlam
481 3070 512 3124 in
541 3069 640 3123 luania
672 3069 804 3124 Madeira
836 3069 947 3124 erescit.
998 3067 1104 3122 lnsnlis
1128 3064 1301 3119 Canariisz

151 3163 219 3209 sunt
253 3157 363 3225 speeies
400 3159 532 3227 propriae
566 3167 596 3213 et
632 3165 689 3213 tres
721 3163 835 3229 praeter
872 3175 921 3213 eas
957 3158 1090 3225 Europae
1127 3167 1299 3207 eommunes.

152 3243 301 3300 Amesloae
318 3247 530 3315 septentrionali
556 3251 703 3317 lapeoies
727 3255 807 3314 sunt,
833 3261 941 3317 eaeque
969 3248 1122 3316 pleraeque
1146 3242 1300 3313 provinciis

152 3334 384 3393 meridionalibus
403 3339 579 3407 adscriptae,
610 3337 721 3392 aeeedlt
745 3353 803 3391 ona
822 3353 858 3390 ex
879 3335 1054 3404 Europaeis,
1082 3350 1139 3388 nna
1158 3340 1252 3388 autem
1271 3339 1301 3389 at

261 3540 326 3587 mira
347 3550 452 3587 naturae
472 3539 644 3587 consensione
664 3537 742 3588 etism
762 3553 875 3604 aequum
895 3521 1053 3602 pistillorum
1070 3547 1208 3583 nnmerum
1224 3529 1299 3580 nobis

260 3626 446 3677 monstrabant.
484 3627 618 3678 Sententia
638 3640 741 3688 nostra,
765 3625 912 3676 Frnllsniae
937 3641 1019 3691 genus
1044 3625 1129 3673 solnm
1149 3635 1204 3669 esse
1223 3617 1300 3687 digy-

260 3731 334 3776 num,
354 3732 433 3782 quam
453 3715 479 3765 in
499 3715 697 3766 Commentario
717 3713 750 3765 de
769 3715 942 3782 Hsplomitrio
968 3713 1045 3782 (Nor.
1063 3709 1121 3762 Aet.
1140 3707 1224 3760 Aesd.
1241 3709 1301 3759 Nat.

262 3803 325 3854 Cur.
342 3805 403 3855 Vol.
422 3803 481 3854 XX.
501 3803 528 3854 P.
547 3805 568 3854 1.
586 3824 612 3872 p.
634 3803 696 3872 ³14)
717 3805 917 3869 divulgavimus,
936 3821 967 3854 ex
986 3801 1026 3852 his
1046 3795 1229 3852 modificando.

204 3889 233 3960 ⁴)
259 3892 330 3945 [oter
355 3895 421 3946 bano
445 3896 586 3944 auriculam
613 3907 639 3944 et
665 3895 766 3944 caulem
791 3895 817 3944 in
841 3895 973 3961 plerisque
992 3891 1128 3941 Frnllaniis
1148 3901 1191 3939 sut
1208 3885 1299 3960 stylus,

260 3983 361 4047 singula
381 3985 536 4034 cellulas-nm
556 3985 623 4033 serie
642 3995 798 4047 exstruetur,
821 3995 866 4056 aut
878 3979 952 4053 plion
970 3977 1146 4048 trianyuiotis
1163 3983 1300 4031 invenitor.

262 4067 327 4138 Styli
347 4073 499 4138 exemplum
518 4071 644 4122 babemus
664 4075 799 4139 egregium
819 4072 845 4122 in
865 4068 1011 4125 Frallanta
1027 4066 1184 4140 ntprt‘eaulss
1210 4067 1300 4122 Haa-

258 4175 365 4232 peorta5
381 4161 514 4212 interdum
534 4161 679 4213 obsoletior
696 4163 737 4225 lit,
761 4165 829 4227 ime,
855 4175 884 4213 ut
909 4161 992 4214 visam
1018 4161 1136 4228 effugiat,
1162 4171 1248 4212 tamen
1272 4160 1298 4210 in

261 4267 367 4300 summo
387 4253 467 4302 erulis
487 4253 599 4316 rarione,
617 4263 645 4302 nt
663 4269 721 4303 mos
740 4252 858 4318 videtur,
879 4253 990 4320 exempli
1009 4253 1090 4320 grstia
1109 4252 1134 4300 in
1154 4245 1299 4301 Frailostiu

260 4337 388 4404 dimota,
414 4340 495 4392 adest.
536 4343 566 4392 ln
593 4344 720 4392 involucri
744 4343 821 4406 lolio,
847 4341 918 4410 quod
941 4343 1032 4394 solinrn
1058 4343 1190 4393 carriinurn
1216 4341 1298 4405 magis

263 4427 425 4479 elaboratum
445 4431 519 4492 sistit,
547 4431 610 4480 bsee
627 4447 685 4500 pars
704 4443 839 4499 tamquam
858 4433 949 4483 laeinia
968 4435 1058 4485 intima
1075 4433 1158 4482 lebnli
1177 4430 1298 4482 neutralis

262 4517 362 4586 abique
380 4519 460 4583 adest,
479 4523 533 4572 imo
554 4521 600 4574 ubi
618 4524 645 4573 ia
663 4521 732 4573 iuliis
750 4524 858 4574 caulinis
877 4522 1067 4576 obsoletissima
1087 4523 1127 4574 ael
1147 4520 1216 4570 nulls
1234 4529 1281 4570 est.
