3110 5084
612 382 795 454 Calypogeia.
1227 391 1277 442 tea

188 559 217 618 β,
240 553 417 618 adscendens,
443 555 514 604 caule
541 557 703 621 longiusculo
727 557 807 608 laxius
832 555 923 606 loliano
945 555 1083 606 hincinde
1104 558 1276 626 nriarophyllo

236 641 423 704 adscendente,
441 643 506 694 lollio
526 643 765 712 anrphigastriisque
785 656 812 694 ut
831 645 855 693 in
876 647 958 694 sorana
976 663 1002 696 a.

342 729 567 786 moute

185 832 218 881 7,
241 826 397 886 alterutrata,
423 824 522 883 minor,
550 835 619 872 arete
638 837 739 889 repens,
766 825 837 890 apice
858 825 936 913 “aum
955 836 1083 876 attenuato
1104 823 1275 891 microplryllo

238 909 429 978 laeteropbyllo.
561 971 569 984 Ι

218 1008 276 1060 γι,
292 1004 411 1061 aemulo,
430 999 501 1065 apice
520 1013 650 1050 attenuato
670 999 739 1050 nudo
756 1003 884 1052 nubulato.

216 1097 275 1150 72,
292 1085 501 1158 prupaquh'serst,
520 1089 592 1153 apice
612 1091 691 1138 caulis
710 1091 821 1158 capitulo
840 1092 1043 1157 propagulorum
1063 1101 1196 1140 coronato.

342 1175 379 1230 N.
398 1174 432 1228 ab
451 1174 487 1228 Ε.
506 1173 525 1227 l.
544 1193 565 1228 e.
582 1193 609 1246 ρ.
629 1179 672 1229 10.

200 1279 329 1334 Habitat
350 1280 419 1335 loeis
444 1279 585 1350 sylvatiois
609 1281 673 1334 udis
699 1287 757 1334 tam
781 1280 916 1336 montosis
939 1297 1024 1351 quam
1043 1279 1169 1350 planitiei
1189 1280 1274 1336 totius

124 1371 273 1439 Europae,
294 1370 440 1424 Amerioae
459 1368 580 1424 borealis
599 1375 628 1424 et
644 1369 787 1438 tropicam
802 1371 907 1424 muscis
926 1369 1064 1425 frondosis
1082 1373 1111 1422 et
1129 1369 1274 1437 hepaticis,

122 1459 200 1513 loliis
214 1459 352 1512 arborem
365 1457 487 1528 putridis
505 1464 558 1512 eta.
576 1457 736 1516 innascens.
747 1485 783 1500 -
801 1457 871 1514 Ver.
890 1479 907 1510 a
926 1464 945 1512 2
962 1457 1127 1527 praesertim
1146 1457 1274 1512 initalia

123 1546 252 1616 (Reddi,
272 1545 372 1614 Moris,
391 1547 563 1616 Gasparini).

383 1691 411 1742 2.
452 1687 692 1760 (lamponem
710 1691 862 1760 arguta
882 1687 918 1742 N.
938 1695 967 1742 et
985 1688 1026 1740 M.

198 1793 232 1848 0.
244 1793 328 1864 soliis
345 1794 607 1849 acerarundo-ovare
623 1803 717 1863 aryute
735 1794 876 1850 bidentotis
893 1792 1197 1868 explanato-imbrieatr's,
1213 1812 1272 1848 ara·

120 1883 286 1953 pliyaatrir
309 1884 501 1954 potaturiaeis
527 1883 661 1954 profunde
687 1883 773 1955 bifidis
803 1884 906 1939 laetalia
931 1882 1121 1953 dioeryeatilrrrr
1147 1880 1275 1936 audatia

124 1975 238 2046 ἐπαφὴ
259 1974 374 2045 infidisne
392 1971 521 2044 (floyellr'r
539 1972 696 2026 amabilius
711 1973 821 2044 nullia).

276 2065 431 2132 Calypogeia
457 2077 547 2130 arguta
572 2063 610 2116 N.
628 2061 661 2116 ab
679 2062 716 2114 Ε.
741 2062 813 2133 Hep.
838 2061 909 2116 Eur.
937 2061 993 2116 Ill.
1005 2078 1035 2131 p.
1054 2062 1098 2113 24.
1118 2076 1146 2113 rt.
1164 2063 1191 2113 2.
1221 2059 1273 2112 lV.

334 2169 364 2223 p.
385 2149 461 2204 LVl.
481 2169 508 2204 a.
528 2156 554 2204 2.
594 2149 677 2204 Heri.
697 2149 839 2220 Montana.
856 2167 884 2205 a.
907 2155 966 2204 16³.

191 2239 221 2306 β,
242 2243 310 2292 soliis
329 2245 397 2291 circa
416 2243 501 2309 spicer
521 2241 652 2292 denticulo
673 2259 724 2290 uno
745 2243 857 2292 alterove
876 2241 1009 2305 mar-ginali
1029 2238 1160 2304 praeditis.

338 2329 376 2383 Ν.
395 2327 428 2382 ab
445 2328 482 2382 Ε.
501 2326 519 2381 1.
538 2347 561 2382 o.

202 2417 327 2472 Habitat
349 2417 377 2472 io
398 2417 491 2472 Gallia
516 2416 632 2470 australi
658 2417 694 2469 ad
720 2425 822 2471 terram
849 2415 1045 2485 (Montagne);
1074 2415 1145 2470 inter
1166 2413 1272 2468 Antio-

126 2518 240 2562 cerorem
261 2507 425 2574 Manatum,
445 2522 461 2560 e
479 2506 609 2560 Madoira
629 2507 753 2561 adlatum
773 2507 825 2572 (N.
846 2507 882 2560 ab
902 2505 957 2574 la).

354 2653 382 2704 a.
423 2647 662 2720 caumana
679 2647 892 2702 bidentum
912 2645 947 2699 Ν.
967 2646 1003 2698 ab
1023 2645 1055 2698 Ε.

197 2757 230 2811 0.
252 2755 326 2809 eoale
341 2767 447 2826 repente
464 2773 574 2819 ramoso,
594 2755 676 2826 soliis
694 2753 901 2808 horizontalibus
918 2761 990 2806 arete
1007 2749 1153 2804 imbricatis
1170 2747 1272 2818 oblique

124 2843 206 2896 ovatio
224 2842 300 2912 apice
317 2853 449 2897 eontracta
466 2843 553 2896 obtuse
571 2842 711 2896 bidentatr's
730 2843 878 2912 iateyrisaa
902 2841 1099 2913 ampliqaetn'ir
1116 2840 1272 2894 distantibus

126 2931 296 2988 mereweda
314 2933 517 3000 attentantis,
528 2933 628 3004 fincta
646 2972 653 2984 .
675 2972 682 2986 .
702 2972 707 2986 .
727 2930 857 3004 (staffellr'r
873 2931 1031 2984 neutralibus
1048 2927 1149 2998 nullia).

271 3025 472 3089 langermannia
492 3025 622 3074 bidentula
647 3021 717 3074 Web.
738 3022 837 3074 Proelr.
852 3037 882 3092 p.
901 3025 946 3074 ³8.
965 3038 992 3072 n.
1012 3023 1056 3072 27.
1075 3017 1145 3090 (fide
1162 3017 1272 3090 exmplt'

336 3109 420 3165 Herb.
445 3109 537 3182 Web'.)
573 3110 636 3182 Spr.
655 3110 685 3165 S.
709 3110 772 3179 Veq.
796 3109 848 3163 IV.
872 3113 894 3163 i.
918 3125 947 3180 p.
967 3113 1029 3163 224.
1049 3123 1076 3160 rt.
1095 3111 1140 3162 79.
1178 3107 1269 3162 Laium.

337 3197 408 3270 Hep.
429 3197 494 3269 Cap.
512 3199 540 3252 ia
560 3199 642 3254 lina.
662 3197 713 3252 lv.
733 3204 758 3252 ³.
775 3216 804 3270 p.
823 3203 885 3254 363.
904 3215 931 3252 rr.
955 3204 994 3253 19.
1034 3197 1070 3252 N.
1090 3197 1121 3251 ab
1141 3197 1177 3250 Ε.
1198 3197 1269 3268 Hep.

333 3285 395 3339 Jna.
413 3303 441 3358 p.
460 3290 505 3340 aa.
524 3304 551 3338 rr.
570 3291 614 3340 ⁴0.

201 3389 322 3446 Habitat
344 3391 373 3446 in
394 3392 589 3448 Promontorio
608 3385 707 3448 Bonae
727 3393 794 3462 Spei
820 3393 998 3464 (Thunberg,
1018 3393 1142 3460 Bellon,
1161 3393 1269 3462 Zeyber

130 3475 157 3530 in
177 3477 238 3534 Hb.
258 3481 307 3546 In,
326 3481 396 3548 bg„
417 3481 475 3548 N.).
529 3482 563 3536 In
589 3483 661 3538 lava
687 3483 779 3538 insula
805 3483 874 3536 loeis
897 3483 1077 3538 humentibus
1101 3483 1138 3536 ad
1168 3490 1268 3536 terram

131 3564 237 3638 absque
256 3567 554 3638 fructificatione-legit
574 3571 674 3624 Blume
694 3571 762 3641 (Hb.
783 3573 843 3642 N.).

198 3675 328 3730 Adnot
366 3676 483 3740 Fateor,
502 3693 546 3730 me
565 3677 688 3744 nullum,
707 3678 783 3747 quod
801 3681 935 3733 constans
953 3676 1096 3742 videatur,
1119 3676 1269 3733 discrimen

130 3757 199 3816 barte
210 3764 284 3818 inter
296 3773 325 3820 et
335 3764 518 3837 Calmeiam
532 3766 715 3821 Triolemoair
728 3767 880 3833 invenisse,
892 3766 947 3820 nisi
960 3767 1012 3818 boo
1027 3781 1113 3818 unum
1128 3764 1174 3830 sit,
1192 3767 1269 3834 qnod

130 3845 157 3902 iu
177 3851 336 3924 calmeta
353 3853 486 3908 Matuta
504 3855 570 3910 lolia
588 3856 680 3924 magia
698 3863 797 3923 ovata,
824 3856 932 3912 ratione
957 3855 1114 3910 latitudinis
1132 3853 1269 3920 longiora,

133 3939 209 4005 apiae
228 3941 394 4012 plerumque
412 3944 442 3998 in
462 3945 575 3998 brevem
593 3945 781 4016 obtusumqno
794 3946 879 4000 veluti
893 3961 1066 4010 mueronem,
1085 3943 1269 3998 communiter

132 4026 228 4088 obtare
240 4031 429 4099 bidentnlam‚
442 4039 587 4088 eontracta
597 4033 754 4100 videantur,
765 4034 794 4088 in
809 4035 966 4107 Calypooeie
977 4032 1161 4087 Triebomaair
1170 4037 1269 4086 eontra

132 4117 218 4184 magia
236 4123 529 4178 ovato-subrotunda
554 4123 683 4178 breviora
708 4130 736 4178 et
759 4123 874 4189 latiora,
900 4139 991 4192 neque
1017 4121 1098 4191 apice
1123 4127 1268 4176 eontracta

133 4208 168 4270 01,
186 4208 210 4264 si
229 4209 314 4263 bifida
333 4218 414 4277 aaut,
434 4213 531 4280 paullo
549 4211 668 4267 acutiori
685 4213 750 4266 sinu
768 4214 875 4268 excisa.
914 4211 1124 4281 Amphigastria
1141 4211 1190 4263 vix
1209 4207 1264 4261 dil-

133 4290 230 4353 terunt.
268 4298 303 4352 ln
322 4307 418 4356 nostra
437 4301 531 4371 speeie
549 4317 637 4372 parva
656 4305 738 4368 sunt,
762 4302 935 4368 orbloulata‚
960 4301 1059 4366 bifida,
1083 4299 1167 4353 modo
1191 4296 1264 4349 into-

133 4387 262 4456 suntme,
291 4389 375 4444 modo
399 4390 534 4460 angulata
558 4393 602 4448 val
626 4393 807 4446 subdentata.
850 4391 970 4446 Fruatus
994 4393 1077 4456 latet,
1103 4389 1151 4458 qai
1175 4386 1267 4440 donee

135 4466 298 4546 inveniatur,
318 4478 447 4547 quaestio
466 4479 501 4534 de
520 4479 580 4534 iure
599 4479 703 4550 speciei
722 4480 751 4536 in
770 4497 907 4552 suspenso
926 4487 1040 4537 maneat
1058 4495 1172 4536 aenam
1191 4483 1242 4534 est.
