3076 5086
574 445 796 514 Plagiocliasnta.
1195 457 1249 507 bl⁹

89 615 241 686 capsulae
260 616 424 684 persistens,
444 616 550 670 albida.
587 617 763 688 Spcrrrrpiurs
781 617 937 685 globosum,
964 617 1153 685 irregulariter
1172 635 1250 673 rum-

93 723 177 774 pens
208 713 324 775 tumque
356 699 545 759 diversimode
570 705 743 759 laciniatum.
791 705 892 778 §perae
919 707 1248 776 trigonae-tetragonae,

93 795 312 863 semig'obnsae
337 809 386 846 seu
408 793 492 847 variis
519 794 609 848 niudis
630 795 792 862 angulatae.
829 794 950 849 Eieterer
975 795 1062 849 albidi
1086 796 1250 864 (incastris

95 881 322 951 speciminibus)
341 881 496 944 immaturi,
525 883 606 950 apice
625 883 758 952 utrinque
777 884 931 952 angustati,
950 883 1085 948 flexuosi,
1109 887 1251 942 nonnullis

94 969 360 1038 granulis‘repleti.
387 968 450 1024 alils
469 971 545 1037 spira
564 970 684 1038 simplici
705 971 804 1026 notati.
842 972 1040 1043 Isstmercerrtio
1058 977 1204 1034 ιηωωιῡια
1222 979 1250 1031 iu

96 1059 227 1114 dirersis
244 1059 409 1124 individuis,
429 1059 557 1112 femineis
570 1057 684 1128 quidem
703 1058 852 1124 similibus,
870 1061 920 1114 sed
934 1061 1027 1116 medio
1041 1080 1096 1118 uon
1107 1067 1251 1122 concavis.

98 1147 189 1202 Disci
209 1147 370 1203 antberiierl
395 1149 426 1202 in
449 1148 541 1201 media
568 1147 668 1204 tronde
693 1155 722 1202 et
747 1147 783 1202 ad
809 1149 918 1218 apicem
943 1151 1128 1210 semilunares
1150 1163 1179 1209 et
1197 1156 1248 1209 tri-

98 1236 272 1304 angulares,
290 1237 415 1292 inieriori
434 1245 514 1306 parte
535 1237 663 1305 margine
682 1253 719 1292 ex
737 1236 911 1305 epidermlde
930 1243 991 1294 orto
1009 1239 1110 1310 cincti,
1132 1245 1251 1314 paleolis

100 1325 212 1380 teneris
240 1325 393 1379 linearibus
424 1324 514 1378 tectis.

180 1415 214 1469 ln
245 1415 399 1484 specimine
428 1431 485 1468 var.
520 1413 537 1472 β
569 1415 777 1484 receptaculum
813 1413 906 1468 inveni
942 1415 1250 1486 brevipedunculatum,

100 1504 238 1558 effoetum
259 1504 287 1557 id
305 1502 430 1574 quidem,
450 1511 479 1556 at
498 1510 625 1556 staturae
644 1501 760 1556 omnino
778 1501 916 1566 eiusdem,
937 1518 1022 1572 qnam
1041 1504 1077 1557 cl.
1096 1504 1250 1560 Lehmann.

100 1594 122 1646 1.
143 1609 170 1646 c.
190 1591 353 1660 descripsit,
387 1591 679 1661 praeterquamquod
699 1591 756 1646 duo
780 1590 809 1644 in
829 1607 863 1645 eo
882 1591 977 1646 adsint
994 1594 1139 1648 involucra
1166 1612 1250 1649 unum

102 1683 183 1736 latus
202 1681 369 1750 spectantia.
407 1681 557 1736 Structure
574 1679 684 1735 frondis
703 1681 817 1734 omnino
835 1688 867 1733 ut
890 1679 919 1734 iu
939 1681 1063 1751 reliquis.
1095 1681 1153 1735 Vix
1167 1683 1251 1750 igitur

103 1771 227 1825 dubium
252 1775 308 1828 est.
335 1769 403 1838 quin
431 1771 558 1824 eiusdem
578 1769 682 1837 speciei
712 1769 768 1822 sict
787 1769 860 1823 istae
878 1769 1006 1838 mantne,
1035 1772 1162 1826 siccitate
1180 1775 1250 1826 coeli

105 1867 159 1914 sut
178 1859 229 1914 soli
248 1866 435 1914 emaceratos.
473 1859 521 1926 (N.
542 1859 578 1910 ab
599 1857 645 1925 Ε.)

206 2009 248 2059 tu.
285 2003 599 2074 Ptaptoctresmo
617 2002 850 2073 elmraotrssrr
868 2001 960 2070 Ldbg.
980 2008 1009 2054 et
1029 2002 1173 2058 Gottscbe.

182 2123 230 2178 ΡΙ.
240 2124 342 2196 fronde
359 2123 528 2178 subcontinuat
548 2122 800 2178 liuenti-disbotonrn
811 2122 939 2194 elorrpatm
956 2127 1077 2194 marpirte
1089 2127 1253 2180 adscendente

104 2211 298 2278 mbeunwlrum
314 2213 428 2285 mammis
445 2209 603 2266 moribus
619 2231 692 2285 saepe
709 2213 844 2284 bipertitis
862 2212 966 2268 lueimir
975 2213 1124 2269 lunceelutir
1139 2213 1186 2283 (in
1196 2215 1253 2269 bosi

104 2303 216 2376 plonius
237 2319 311 2374 saepe
332 2301 482 2372 obsoletis),
505 2300 647 2372 fructibus
670 2299 839 2366 schariotis,
857 2301 1003 2375 pedunculo
1027 2303 1174 2358 breuissime
1197 2304 1253 2358 buri

107 2392 235 2457 subnuba
252 2389 410 2463 receptacula
427 2407 502 2444 mnne
513 2419 527 2430 -
538 2390 646 2463 dissipe
663 2389 754 2445 subtus
773 2390 846 2461 lorice
863 2390 980 2456 barbato,
999 2393 1104 2463 capsula
1121 2393 1211 2446 urieli.

253 2481 445 2549 Plagicclrnstna
475 2483 623 2547 elongatum
662 2479 746 2550 [sibu.
775 2489 800 2533 el
829 2481 950 2536 Getlsebe
982 2482 1010 2534 irs
1028 2479 1166 2535 Liebntuttr'
1185 2481 1251 2535 Ilt'rr.

317 2567 450 2622 Macistus.
469 2569 559 2623 incdit.

171 2672 199 2743 β,
219 2675 365 2747 menimis,
385 2676 477 2727 fronde
495 2679 579 2742 magis
598 2692 703 2744 perosa,
721 2677 792 2742 poris
811 2678 837 2726 in
857 2676 975 2727 seriebus
991 2677 1129 2744 dispositis.
1148 2677 1252 2743 perlon-

217 2768 282 2816 eulis
301 2765 466 2831 longioribus
485 2765 576 2815 ualidis
596 2766 684 2824 iureis,
703 2767 820 2830 squamis
838 2765 996 2816 neutralibus
1016 2767 1132 2829 margine
1151 2767 1252 2833 prorni-

217 2855 337 2905 nectibus
355 2853 519 2919 longioribus
538 2856 611 2920 spice
631 2851 743 2920 hyalino.

319 2941 463 2993 Grimsldis
483 2945 615 2993 rnexicsnr
638 2937 722 3009 lelio.
743 2940 781 3008 (in
801 2941 912 2992 Schedia
932 2941 981 2992 ttb.
999 2959 1087 3010 propr.
1106 2955 1131 2994 et
1149 2941 1250 3008 Lebur.)

152 3059 154 3066 ’
185 3047 304 3101 Habitat
319 3054 447 3116 ‘utraque
471 3045 560 3102 iortna
581 3045 609 3100 in
629 3045 761 3114 blesicm
786 3067 804 3100 s
829 3047 865 3100 ad
885 3047 1081 3116 Comallepec,
1104 3045 1252 3116 'l'epinaps

114 3145 143 3190 et
158 3137 313 3205 Tepitongo
333 3151 430 3191 niense
449 3134 536 3190 ionio
554 3143 582 3189 et
601 3133 679 3188 tutto
698 3150 725 3189 a.
746 3135 903 3202 istulerit
922 3136 973 3190 cei.
993 3135 1145 3201 Liebman3
1166 3135 1251 3189 etiarn
1289 3175 1294 3184 .

115 3225 142 3278 in
165 3222 285 3278 Brasilia
303 3224 478 3278 meridionali
499 3240 516 3276 a
536 3225 639 3278 Sellow
659 3223 768 3290 [Kuntb
788 3225 816 3278 in
833 3225 890 3279 tto.
911 3225 954 3292 L.)
974 3225 1099 3282 inventa.
1136 3226 1205 3279 Var.
1226 3227 1252 3288 β,

115 3314 193 3369 adest
217 3312 360 3366 iructiiera
385 3313 413 3366 in
441 3311 499 3366 tto.
521 3311 592 3378 aar.
615 3311 739 3366 Beroliu.
758 3312 812 3366 sub
838 3331 863 3366 n.
888 3319 946 3368 1119.
972 3323 1002 3366 ct
1024 3313 1053 3366 in
1080 3311 1138 3365 Hb.
1158 3312 1208 3379 Lg.
1235 3328 1252 3365 a

116 3403 213 3458 liuusc
238 3401 324 3456 missa
348 3418 366 3455 a
391 3399 512 3456 Scbiede
537 3409 565 3456 et
591 3400 692 3470 Deppe
716 3401 776 3455 solo
804 3401 933 3456 calcareo
959 3401 986 3454 in
1011 3399 1093 3456 terris
1116 3399 1248 3455 Mexica-

117 3493 158 3548 nis
175 3495 256 3548 lecta.

183 3581 300 3635 Frnrrcies
320 3583 332 3633 l
356 3611 368 3624 ·
388 3585 407 3634 2
426 3578 542 3648 pollices
561 3578 671 3647 longae.
715 3577 891 3651 Receptacula
907 3579 1040 3649 pleraque
1064 3579 1093 3633 in
1113 3595 1130 3627 e
1149 3593 1248 3633 mono-

117 3687 212 3740 carpe;
242 3669 404 3724 amimam
433 3667 645 3722 burisontaliter
670 3667 715 3723 vel
743 3668 914 3723 verticalitet
940 3667 1068 3731 bivslre;
1090 3667 1252 3739 pedsrrmcr

117 3761 177 3814 ine
196 3761 213 3823 i
233 3789 247 3802 ·
266 3757 384 3830 (rarius)
414 3763 424 3812 t
453 3757 503 3813 lin.
522 3758 640 3826 longus,
665 3757 695 3812 iu
714 3758 803 3819 1111-
822 3755 937 3811 linearis
961 3763 1013 3811 est.
1060 3755 1252 3828 infloresccntia

118 3847 224 3903 musculo
246 3863 332 3916 saepe
356 3848 385 3900 in
409 3847 508 3901 eodem
537 3847 644 3901 liondis
671 3846 791 3900 articulo
814 3861 887 3913 pone
908 3845 1148 3898 fructificationem
1169 3843 1252 3900 lemi-

119 3951 193 3991 neam
213 3935 338 3990 adultam
355 3935 556 3990 semiimmersa
574 3935 725 3989 inuenitur.

186 4079 230 4130 ll.
265 4075 579 4148 Pluyioelsamo
597 4075 858 4130 Hexieematm
880 4073 969 4140 Ldbg.
989 4081 1017 4125 et
1036 4072 1180 4126 Gotlsche.

184 4182 231 4239 Pl.
241 4184 345 4254 frende
360 4179 532 4236 micantium
547 4179 762 4236 eborata-lineari
781 4179 892 4252 simplici
909 4179 1020 4248 bpidcce
1037 4195 1156 4242 maceca,
1179 4195 1252 4230 rrrur-

119 4269 216 4342 pinibus
233 4272 327 4343 crispis
343 4269 494 4334 convolutis,
511 4272 626 4341 quentis
642 4267 802 4324 nentruiibur
820 4268 1064 4333 cnuto-lanceolutis,
1080 4265 1253 4341 asperioribus

122 4363 184 4434 spice
200 4359 328 4416 rabulatis
340 4358 557 4433 promittentibus,
566 4357 705 4430 sntetr'bus
721 4359 879 4422 asbret-imin
894 4357 1040 4430 pedunculo
1055 4355 1252 4428 bari'pcleeceo,

123 4449 269 4524 receptaculo
288 4447 329 4502 2·
348 4447 456 4517 (rusius
477 4445 591 4516 1-3-)
609 4465 688 4520 carpe
706 4446 795 4503 subtus
814 4448 930 4502 burbuto.

259 4537 385 4594 Liebrncn
405 4538 464 4592 Iter·
483 4539 616 4592 Illericsrr.
635 4537 726 4592 incdit.
