3100 5072
605 412 769 469 Gottsobea.
1229 418 1260 468 17

187 586 297 660 crescit
321 585 350 640 in
369 583 457 640 latare
474 581 604 639 orientali
622 583 726 640 montis
745 583 895 652 'l'alelberg
920 583 1096 643 Promontor.
1117 587 1189 644 lion.
1210 589 1261 660 Sp.

114 674 188 728 iuter
225 689 339 728 museus
373 671 668 743 langermanniasqne
698 673 771 728 alias
803 672 934 743 (Zepber
962 673 991 728 in
1016 673 1075 730 lib.
1103 675 1136 734 Z.
1161 687 1190 734 et
1214 679 1261 746 N,

115 763 223 818 Ecklun
243 762 273 817 in
293 762 352 816 Hb.
372 761 427 831 ia).

187 887 270 941 Obs.
308 885 445 941 Proxima
463 891 506 940 est
525 884 680 940 Gotnelueoe
699 885 857 950 Theseos-rii,
882 886 957 942 loliis
981 885 1075 942 miuus
1097 888 1262 948 imbricatis.

2 989 3 995 ¹
114 975 296 1032 inlerioribus
313 974 569 1044 subintegerrimis‚
593 974 748 1046 aequaliter
772 975 890 1041 biiobis,
918 975 1030 1046 stipulis
1055 976 1147 1030 oratis
1171 977 1263 1032 bifidis

115 1063 327 1133 distinguenda.
365 1063 507 1118 Gottseieo
524 1063 725 1136 appendiculam
743 1063 816 1119 iubis
834 1064 962 1118 loliorum
981 1063 1262 1134 praeeundo-serru-

115 1153 182 1208 iatis
201 1153 331 1220 diversa;
358 1153 484 1224 reliquae
508 1153 592 1207 buius
611 1151 745 1208 sectionis
765 1152 809 1207 vel
828 1151 1035 1222 ampbigastriis
1050 1150 1193 1220 indivisis,
1219 1157 1264 1211 vel

114 1242 246 1298 loliorum
265 1243 338 1297 lobia
356 1240 555 1312 inaequalibus
575 1240 694 1311 aliisque
704 1240 778 1296 notis
789 1241 902 1295 abunde
911 1241 1053 1294 differunt.
1073 1239 1263 1313 (nectale)

189 1364 286 1432 idagia
316 1371 412 1419 antem
446 1363 557 1420 accedit
591 1363 747 1420 Gottrelseoe
779 1365 1009 1430 Lelmniunoe,
1051 1379 1125 1434 quae
1151 1365 1266 1437 quidem

116 1452 220 1506 ioliolis
238 1453 295 1508 illis
312 1453 477 1508 accessoriis
497 1451 710 1522 ampbigustriis
724 1453 843 1508 adiectis
867 1453 997 1523 foliisque
1022 1452 1108 1521 paulo
1135 1456 1263 1524 angusti·

116 1542 216 1596 oribus
235 1543 324 1611 magis
348 1542 439 1596 acutis
457 1541 653 1612 subtiliterque
676 1547 706 1595 et
729 1543 835 1596 arctius
858 1541 888 1596 in
912 1549 1031 1612 utruque
1054 1541 1121 1596 toto
1142 1542 1266 1602 dentatis

116 1628 220 1687 differt.
259 1631 336 1686 luter
354 1629 508 1701 specimina
527 1627 660 1685 Herbarii
679 1629 883 1685 Lehmanniaul
902 1631 937 1684 cl.
954 1629 1090 1684 Gottsobe
1107 1629 1265 1700 fragmenta

116 1721 227 1790 aliquot
245 1720 351 1775 inuenit
369 1721 559 1784 surculorum,
583 1719 766 1788 probabiliter
790 1719 957 1774 iuvenilium
977 1726 1027 1772 aut
1044 1718 1266 1792 insultationum,

116 1823 238 1878 qnorum
257 1809 313 1863 lubi
331 1809 457 1864 dorsaies
476 1807 650 1863 neutralibus
668 1810 687 1876 i
706 1807 848 1863 breviores
865 1813 942 1874 sunt,
956 1807 1038 1876 apice
1052 1808 1165 1880 obliquo
1183 1819 1264 1867 trun·

117 1897 175 1950 cati
194 1905 224 1952 et
242 1901 338 1969 ltaque
356 1893 419 1952 sinu
440 1897 531 1952 latiori
551 1895 736 1961 dehiscentes,
756 1896 814 1952 t'ere
828 1897 1015 1967 integerrimi3
1032 1896 1179 1954 inferiores
1193 1903 1264 1956 sub·

117 1985 239 2054 repandi
259 1994 289 2041 et
306 1987 388 2041 iuxta
406 1986 517 2055 apicem
537 1994 694 2041 extrorsum
712 1985 888 2053 nnidentsti,
915 1985 991 2056 quud
1016 1991 1045 2041 et
1066 1986 1095 2040 iu
1112 1989 1264 2057 perfectiu-

118 2075 198 2128 ribus
217 2075 357 2147 plerisque
374 2075 492 2144 obtinet,
510 2090 599 2145 quare
617 2075 1000 2145 marginem-bidentatum
1025 2075 1100 2129 bone
1118 2076 1212 2132 lobnm
1237 2079 1265 2134 in

118 2165 233 2219 solsadia
252 2165 374 2221 herbarii
392 2163 606 2234 descripseram.

352 2349 380 2400 ⁷.
419 2345 630 2402 Gottsobeu
651 2341 911 2415 leucophrynae
935 2342 1033 2397 Labor.

191 2465 229 2524 u.
254 2470 337 2524 remis
355 2470 454 2536 ucetia
479 2468 544 2523 lolia
553 2465 686 2542 folionum
703 2463 900 2537 mirequolibus
918 2463 1019 2537 oblique
1035 2467 1131 2536 motis,
1154 2472 1268 2527 cernuli

117 2554 211 2612 obtuso
236 2557 330 2630 uiaque
359 2557 474 2614 uncinoli
500 2554 694 2628 intepet-rimis,
728 2554 828 2610 dorsult'
843 2553 976 2626 foliipeno
1008 2556 1167 2612 ocutimeulo
1194 2561 1268 2632 apice

118 2641 203 2698 liin-o
221 2645 295 2701 taso
312 2665 400 2702 roms
417 2645 677 2719 spinulum-dentato,
694 2644 891 2718 amphipnetrit's
908 2643 1038 2698 subuculis
1061 2643 1148 2718 bpidt's
1161 2645 1269 2704 'ludniis

117 2734 306 2804 Mummio,
316 2737 417 2808 fructu
435 2776 441 2790 .
462 2775 496 2792 ..
1183 2740 1198 2754 '¹

266 2844 406 2896 Gottscises
427 2842 589 2911 leucophplla
617 2837 710 2894 Lelos.
728 2838 759 2892 ia
776 2837 859 2894 loheel.

263 2949 465 3015 langermannis
485 2967 512 2998 n·
528 2949 575 3001 δῦ.
596 2945 682 3001 Hert.
702 2945 772 3016 Rep.
792 2945 888 3004 Betui.
906 2943 958 3021 (ex
976 2945 1064 3000 adnot.
1083 2945 1199 3020 leiim.)

331 3034 455 3090 Gotteclse
473 3034 516 3090 le.
535 3034 606 3107 Hep.
626 3035 720 3091 incdit.

197 3141 240 3196 tu
259 3141 362 3196 fretum
381 3141 602 3212 Masclianicum
621 3143 818 3213 (Commersun
837 3141 866 3196 in
886 3140 945 3198 lib.
964 3140 1038 3211 Reg.
1058 3141 1167 3215 Berol.)

195 3264 332 3321 Proxima
351 3266 462 3322 aceedit
481 3264 637 3322 Goeteeieae
652 3264 748 3336 emta,
767 3265 818 3322 sed
837 3266 936 3322 differt·
953 3265 1027 3320 iuliis
1044 3265 1268 3336 ampbigastriis·

118 3369 191 3422 que,
223 3354 324 3410 silubi
355 3355 480 3424 luliigeni
504 3354 658 3424 marginem
685 3355 854 3410 anteriorum
879 3354 1030 3410 denticulis
1053 3355 1123 3409 raris
1146 3357 1268 3427 spinuli·

119 3444 258 3500 lormibus
284 3447 452 3502 adornatum
477 3443 604 3514 excipis,
633 3444 896 3514 ampbigastriisque
921 3441 1109 3510 integerrimis
1132 3451 1161 3500 et
1178 3447 1272 3502 colore

118 3533 162 3601 (iu
181 3534 266 3590 siccis
284 3535 344 3590 scil,
363 3533 538 3604 vetustisque
557 3531 775 3602 speciminibus)
805 3548 843 3586 ex
861 3532 927 3587 albu
945 3531 1152 3600 glaucescente.
1189 3531 1271 3588 Retis

118 3623 251 3677 maculae
269 3623 479 3691 subrotnndae,
498 3621 669 3688 tumidulae,
688 3621 837 3678 discretae.
875 3619 967 3676 Oculis
985 3621 1087 3676 loliolis
1106 3621 1271 3677 accessoriis

119 3717 208 3765 earet.
246 3711 450 3786 Amphiportriu
472 3709 632 3766 alternatim
651 3709 795 3776 biseriata,
815 3710 888 3766 loliis
906 3711 995 3766 multo
1008 3711 1125 3779 minora,
1145 3711 1272 3780 margine

119 3799 222 3854 leniter
248 3802 389 3871 repanda,
420 3803 456 3856 ud
483 3800 606 3855 medium
632 3815 722 3870 usque
746 3801 827 3866 lissa,
859 3798 922 3854 sinu
951 3801 1053 3856 obtuso
1076 3799 1189 3870 quidem
1220 3800 1271 3856 sed

120 3895 252 3958 anneto,
272 3890 382 3946 laciniis
401 3890 567 3947 lanceolatis
586 3889 794 3946 obtusiusenlis.

375 4075 400 4124 o.
440 4069 650 4127 Gottseleeu
675 4071 836 4143 ultperu
863 4067 901 4122 N.
920 4067 957 4123 ab
976 4067 1010 4122 Ε.

193 4193 230 4249 G.
256 4195 340 4250 rumis
363 4195 457 4251 erectis
480 4193 654 4267 uouemus,
671 4196 805 4268 soliorum
828 4191 883 4248 lobo
906 4189 1022 4248 ventrali
1038 4191 1273 4264 oileum-soleam

119 4285 195 4354 spice
213 4291 326 4350 anuo,
344 4283 445 4338 nonu
452 4281 587 4355 soliipeno
610 4285 690 4357 duplo
707 4284 820 4340 breviori
843 4281 946 4353 oblique
964 4290 1085 4336 trunceto
1102 4281 1273 4351 iotepma'mo

119 4369 220 4441 stapulo
237 4373 371 4443 superiori
387 4374 544 4438 acuminato,
562 4374 759 4446 emplipostriis
782 4375 813 4428 ia
832 4370 929 4445 plorate
942 4371 1093 4443 fiacensm
1114 4371 1151 4426 ud
1173 4369 1272 4441 apicem

119 4461 281 4515 dmodu
295 4460 376 4516 obuiis
391 4463 495 4516 inuiso-
504 4461 658 4534 multifidis,
668 4463 769 4536 fructu
777 4459 914 4518 luminali
924 4460 1056 4518 noluere·
1059 4459 1142 4534 sotiis
1152 4460 1272 4516 manto

121 4549 379 4621 istim-finitimis,
398 4551 471 4607 euule
488 4549 800 4622 amoueo-foliolum.
869 4585 871 4590 ·

926 4678 943 4720 2
