2900 5096
522 423 646 479 Radalo.
1103 431 1161 483 m

26 595 127 650 aulica
147 595 244 665 paullo
262 594 365 650 latiore
383 611 467 665 qnam
488 597 571 665 longe
588 592 716 662 margine
734 593 877 658 flexuosa,
896 593 978 664 apice
995 595 1113 662 obtusa,
1131 603 1160 650 et

26 687 45 740 a
67 686 158 741 loboli
176 685 348 740 lunationem
372 687 495 740 sinuata.
533 685 622 740 Labra
644 683 754 738 caulem
774 685 985 752 transgrediens
995 701 1160 753 processum

26 775 166 843 blongunr
195 775 363 829 undulatam
390 774 505 845 oblique
531 774 669 839 demittit,
703 773 818 841 duplam
846 789 927 828 snam
956 774 1159 842 longitudinem

26 865 199 920 xecdentem
218 871 247 918 et
265 880 303 918 cx
321 873 401 933 parte
420 865 530 918 caulem
549 864 768 932 amplexantem.
804 863 921 932 (Taylor
938 863 957 918 1.
976 864 1016 934 c.)

83 954 158 1008 Cum
176 953 228 1008 cel.
247 954 351 1024 'l'aylor
370 955 495 1009 lobulum
516 953 685 1008 undulatam
704 968 768 1006 eum
787 952 914 1008 auricula
933 953 1161 1010 ioliiFrullarsiae

26 1046 112 1098 iactis
138 1049 298 1112 comparet,
330 1059 418 1111 prope
443 1043 516 1096 hana
541 1042 682 1096 Radclam
708 1042 744 1094 ad
776 1040 816 1096 R.
843 1040 1000 1116 Boryaaam
1023 1042 1159 1097 accedere

26 1132 128 1187 mnino
146 1134 277 1202 persuasi
295 1149 403 1198 sumus,
423 1132 504 1186 cuius
523 1132 610 1186 lobnli
631 1132 766 1200 singulari
786 1131 891 1186 lormac
909 1134 939 1186 in
955 1133 1033 1187 nulla
1046 1133 1160 1188 Radalo

27 1238 160 1294 unusque
178 1222 269 1278 simile
287 1223 355 1293 quid
375 1238 432 1277 non
449 1221 619 1277 invenimus.

29 1385 36 1400 .
59 1350 124 1400 255.
287 1347 315 1398 6.
352 1344 518 1399 Radalo
536 1344 777 1412 xaaapamta
796 1343 887 1398 Moot.

86 1434 197 1489 Crescit
214 1433 300 1487 etiam
319 1432 355 1487 ad
376 1433 593 1502 Sempoaltepec
607 1433 824 1487 Mexieauoruur
844 1433 892 1486 ubi
914 1431 981 1502 legit
999 1431 1050 1484 oei.
1070 1432 1156 1486 Licb·
1205 1443 1207 1448 '

26 1541 79 1579 ran
99 1523 183 1578 etad
204 1523 315 1578 Maride
333 1522 499 1578 Columbina
517 1523 636 1594 (Merita
657 1524 714 1577 Hb.
734 1523 806 1592 Bag.
823 1523 919 1579 Berol.
938 1529 965 1578 et
976 1522 1156 1592 Kohlmeycri

26 1639 39 1670 l.
60 1619 94 1670 ol
117 1617 170 1684 a.).

26 1744 39 1777 i.
62 1727 125 1777 2⁶5.
226 1720 286 1776 6b.
322 1720 488 1775 loricula
505 1721 642 1776 mullis
662 1719 751 1786 Laba.
771 1727 799 1773 et
819 1720 966 1775 Gottschc.

85 1813 124 1866 R.
143 1810 217 1866 caule
229 1809 411 1883 pmcurnbcnte
420 1811 539 1881 flaccido
553 1811 666 1882 pinnato
684 1809 855 1882 ispinnatcoe,
871 1808 956 1880 saliis
972 1811 1046 1863 denec
1064 1809 1158 1864 imira'·

26 1903 79 1956 ntis
103 1899 256 1955 orbiculatis
279 1899 377 1953 oblmis
398 1899 575 1970 inteperrimir
598 1900 715 1952 concam
738 1901 810 1970 apice
834 1899 936 1971 infleris
958 1898 1079 1954 mollibus
1103 1899 1160 1954 basi

26 1989 187 2061 ammiralis,
211 1988 295 2044 labala
319 2009 412 2060 mapsa
438 1989 491 2045 late
508 1991 738 2060 acala-quadrato
755 1991 873 2058 maraine
882 1988 954 2059 salio
971 1991 1068 2044 adiecto
1086 1993 1159 2062 apice

26 2090 136 2134 runcato
154 2081 237 2133 exciso
253 2079 295 2133 vel
311 2082 340 2133 ire
358 2082 462 2134 dentem
474 2081 612 2152 modario,
626 2077 786 2150 paiaarliia
805 2117 812 2132 .
833 2114 841 2133 .
862 2118 869 2134 .

159 2169 287 2223 Lr‘elmaa
306 2170 365 2223 Iter
385 2169 517 2223 Mear'eaa.
536 2169 626 2223 laedit.

70 2258 210 2314 'Habitat
233 2259 263 2313 in
283 2258 354 2313 Pico
377 2258 412 2313 de
433 2258 572 2324 Oriaeba,
596 2258 745 2314 altitudine
772 2263 870 2326 lo‚000
893 2259 976 2328 peti,
1005 2257 1053 2312 ubi
1080 2260 1158 2328 Sept.

26 2355 87 2404 1842
110 2349 178 2418 legit
195 2349 247 2404 cel.
266 2348 414 2403 Liebman.

88 2437 192 2492 Differt
219 2455 237 2492 a
263 2437 335 2493 Rad.
363 2437 516 2511 Xalapmri
540 2444 648 2492 statura
674 2438 842 2500 ramosiore.
871 2437 1000 2495 loliorum
1024 2455 1161 2509 compage

26 2527 198 2592 uollissima,
225 2526 321 2581 lobulo
347 2527 409 2580 basi
430 2530 522 2582 miuus
541 2535 685 2596 protracto
709 2529 795 2584 altius
814 2529 871 2584 lolii
892 2527 1010 2596 margini
1030 2537 1161 2594 connato,

26 2635 176 2673 rauscerse
195 2618 335 2688 quadrato
354 2632 406 2670 nec
424 2617 478 2670 nisi
499 2618 560 2672 basi
581 2618 705 2672 nonnihil
725 2619 891 2684 rotundato;
912 2618 1162 2692 aRad.paarlrata,

27 2715 130 2763 extare
149 2709 285 2774 molliore,
304 2707 399 2762 lobnlo
418 2707 510 2776 magis
529 2707 669 2778 quadrato
688 2708 749 2763 basi
772 2709 866 2764 minas
890 2710 1010 2764 dilatato
1036 2725 1087 2762 neo
1113 2726 1158 2762 re·

26 2799 105 2862 lexo;
136 2813 152 2851 a
172 2789 246 2856 Rari.
264 2801 363 2872 reflexa
381 2799 504 2871 denique
522 2800 603 2854 caule
623 2798 729 2868 rigido,
748 2799 822 2854 loliis
842 2799 1032 2865 brevioribus,
1057 2799 1160 2855 lohulia

26 2903 75 2942 ron
94 2889 214 2944 reflexis.
252 2892 324 2946 Com
352 2888 530 2943 fructificatio
555 2905 610 2944 non
635 2890 672 2943 eit
699 2895 766 2943 nota
790 2906 841 2958 pro
866 2906 945 2944 mera
963 2889 1001 2943 R.
1019 2889 1162 2960 quadratae

26 2975 153 3031 varietate
170 2977 317 3036 declarare
335 2979 487 3034 haesimus.

26 3116 43 3152 r.
63 3103 127 3154 255.
357 3105 383 3156 a.
421 3101 587 3157 Hadaran
604 3103 825 3173 quadrata.

26 3188 98 3243 idda
117 3207 176 3246 var.
195 3193 222 3254 β.
235 3190 326 3262 stura,
347 3195 420 3242 caule
440 3195 586 3242 rannosiore
605 3194 769 3260 subplantata,
788 3194 882 3243 lobulis
900 3194 1023 3243 loliorum
1042 3192 1160 3261 pluribus

88 3282 174 3329 minue
193 3284 303 3344 reflexis,
323 3284 454 3332 nonrurllit
474 3284 554 3332 aciatis
573 3284 626 3331 eive
647 3284 789 3348 spiculatis.

159 3368 287 3424 Liebaoarr
306 3369 365 3423 Iter
383 3369 516 3422 Maricae.
535 3370 628 3423 laedit.

88 3459 209 3516 Habitat
227 3474 255 3524 a,
275 3459 351 3528 apud
371 3457 509 3522 Mirador‚
536 3462 563 3522 β,
581 3458 657 3526 apud
678 3456 830 3513 chinantle
847 3457 877 3510 in
898 3473 984 3526 regno
997 3457 1159 3512 llexicano.

86 3548 156 3602 Var.
175 3551 193 3612 β
213 3550 323 3604 accedit
342 3547 460 3602 adRaal.
479 3548 591 3617 affluere,
612 3549 660 3601 sed
681 3555 726 3602 est
743 3547 845 3611 laxior,
864 3547 1010 3613 ramosior,
1029 3555 1058 3601 ct
1076 3547 1157 3603 folio·

26 3655 77 3692 'um
97 3637 152 3695 lobi
172 3640 293 3696 maiores
311 3639 369 3694 lero
387 3645 419 3693 nt
437 3639 466 3692 in
486 3637 596 3692 Ratiaria
616 3637 765 3712 Xalapmei
783 3636 975 3691 inveniuntur.

26 3777 43 3814 l.
62 3765 125 3816 255.
226 3762 284 3819 ab.
321 3762 486 3818 Radalo
504 3760 652 3834 afflatis
670 3759 760 3828 Iadbg.
780 3766 809 3813 et
828 3759 974 3816 Gottuche.

88 3850 128 3908 R.
145 3849 219 3906 caula
226 3851 409 3923 procumbente
424 3851 539 3922 ripidalc
557 3849 723 3924 ωὑρίπηαεο,
734 3837 815 3921 soliis
832 3849 978 3904 lenimentis
994 3847 1161 3905 crebratundr'r

26 3942 112 3996 ritua‘s
128 3943 232 4015 definis
248 3942 423 4012 immanioris
432 3940 487 3995 bari
495 3943 663 4013 complicatis,
683 3939 767 3995 Iolaia
780 3939 1034 4012 mtuadcpaadratc
1044 3939 1161 4008 mamare

26 4031 86 4085 raale'
102 4033 199 4086 αώιαΐο
221 4032 262 4086 ael
276 4049 359 4106 supra
376 4029 475 4086 racina
496 4033 625 4103 producta
642 4028 815 4085 maachan
832 4027 986 4101 sacratim,
1008 4027 1160 4101 pcriaatlrio

26 4141 154 4196 amparare
171 4121 315 4194 apploratc
331 4119 484 4176 maiacum
502 4139 547 4175 arc
563 4119 686 4175 iilaiiato
706 4116 930 4188 summepere-imo.

159 4211 288 4266 lieimaa
304 4210 364 4264 Iter
381 4211 514 4265 alaaae.
532 4211 626 4264 laedit.

90 4299 258 4356 Habitat'in
277 4299 360 4355 terris
379 4300 540 4356 Meaicauis
560 4300 635 4370 epod
655 4299 798 4363 Mirador,
820 4297 869 4352 nbi
889 4297 1045 4353 Februario
1062 4311 1159 4350 menne

26 4409 44 4447 ι.
67 4395 136 4446 ista
153 4391 221 4458 legit
239 4392 291 4445 oel.
310 4390 460 4444 Llebman.

89 4481 186 4536 lllllnls
206 4480 278 4535 Rari.
298 4479 450 4554 Xalapaui
473 4485 503 4534 ct
524 4481 682 4551 quadram,-
709 4497 726 4535 a
750 4480 843 4556 priore
869 4475 1052 4552 distinguitur
1076 4478 1158 4550 caule

26 4572 186 4641 simpliciore
206 4571 403 4642 rigidinsonlo,
429 4568 524 4625 lobulo
543 4569 650 4626 minore
668 4571 761 4626 minus
781 4569 900 4625 dilatato
919 4567 1112 4639 subquadrato
1129 4574 1158 4624 et
