3076 5086
284 391 339 442 ὅθ
668 387 807 441 Santeris.
844 387 1033 443 Demostiera.

357 556 478 611 Habitat
496 555 524 610 in
544 555 773 624 regoi'clrilensis
792 556 929 618 montium
957 556 1004 620 „ln
1016 555 1132 612 nonan
1153 554 1292 612 dictorum
1313 563 1441 629 paeonis

284 644 409 714 locisque
427 645 563 714 glareosis
580 646 713 713 (Berurn
731 645 761 702 in
783 647 840 702 lib.
861 646 1016 700 Delessert.
1036 661 1063 698 n.
1081 649 1144 712 ebe,
1165 646 1205 702 bt.
1224 653 1254 702 et
1274 648 1339 718 N.).

355 750 458 805 Ditisrt
476 768 494 805 a
511 751 639 805 &meria
654 751 755 823 alpis«,
774 759 887 821 praeter
906 759 987 806 notas
1005 752 1034 804 ie
1054 751 1358 820 disseminatorum,
1378 775 1437 824 pe-

283 837 406 894 duncnlo
423 839 540 907 longiori
560 842 663 909 (8-12
680 841 729 894 lin.
749 841 842 909 longo)
860 841 938 910 poris
955 841 1113 910 superficiei
1130 842 1250 896 dorsalis
1268 842 1439 902 minoribus

283 924 375 980 usinns
387 927 558 996 conspicuis,
576 930 629 983 reti
647 928 732 984 etiem
751 929 831 984 strati
850 928 971 984 dorsalis
989 930 1126 994 obsoleto,
1145 937 1241 985 centro
1253 935 1437 1001 receptaculi

282 1014 370 1070 insero
388 1017 502 1072 omnino
520 1017 656 1084 imberbi,
680 1021 798 1088 capsula
818 1020 904 1088 duplo
921 1018 980 1073 lese
999 1017 1130 1073 crassiori
1154 1021 1187 1086 (i
1208 1020 1255 1076 lin.
1274 1023 1436 1092 dimetro)

281 1103 419 1170 pedicello
438 1105 521 1174 triplo
539 1107 658 1161 breviori
678 1109 791 1162 suffulta
816 1108 967 1178 (capsulae
984 1107 1113 1162 diametri
1135 1109 1183 1162 rix
1202 1117 1334 1178 quartem
1358 1129 1432 1181 par-

282 1199 337 1246 tem
356 1195 510 1265 metiente).

333 1355 408 1419 LV.
437 1354 533 1436 (Vl.)
563 1351 877 1423 numnmiere
899 1353 1047 1433 Ratun,
1069 1355 1122 1422 Bi.
1145 1367 1180 1422 et
1203 1356 1248 1424 N.
1271 1363 1313 1425 ab
1337 1361 1382 1428 Ε.

280 1477 308 1530 s‘n
328 1477 393 1528 Non
413 1476 473 1529 Act.
496 1476 546 1528 Ac.
568 1473 603 1526 N.
625 1472 655 1526 0.
675 1473 744 1526 vll.
762 1479 790 1527 2.
806 1493 835 1546 p.
854 1480 917 1529 410.
965 1479 1001 1532 Ν.
1021 1477 1054 1531 ab
1072 1479 1106 1532 E.
1128 1479 1199 1550 Hep.
1219 1479 1281 1534 Jac.
1297 1501 1326 1554 p.
1353 1491 1383 1538 4.
1402 1498 1430 1538 er

279 1568 308 1618 in
328 1565 414 1620 Mart.
435 1563 481 1621 Fl.
505 1566 587 1620 Bran.
608 1565 631 1618 l.
662 1569 686 1618 l.
710 1583 737 1635 p.
756 1571 819 1620 ³06.
847 1577 872 1620 et
899 1569 928 1622 s'n
957 1566 1048 1621 Lindi.
1068 1567 1172 1620 latrari.
1199 1569 1239 1622 eri.
1257 1571 1284 1624 Ξ.
1308 1591 1338 1642 p.
1360 1580 1428 1629 414.

282 1653 350 1725 Hqs.
361 1655 429 1709 Eur.
451 1656 503 1709 lv.
524 1674 553 1725 p.
573 1651 678 1706 XXX.
702 1663 726 1706 et
750 1659 809 1709 151.
828 1657 915 1712 mvl.
955 1657 988 1709 L.
1008 1665 1032 1709 rt
1052 1656 1101 1724 lq.
1122 1655 1194 1726 Pry.
1209 1655 1249 1727 pl.
1269 1656 1323 1712 lv.
1346 1679 1378 1731 p.
1398 1669 1427 1716 3.

280 1741 412 1814 Bisclnrffi
433 1745 460 1796 s'u
480 1744 546 1798 Non
567 1744 630 1797 Aer.
649 1744 699 1796 Ac.
719 1743 756 1798 N.
777 1745 808 1798 0.
835 1745 938 1800 xvir.
956 1749 983 1800 2.
999 1763 1028 1816 p.
1053 1749 1116 1798 969.
1142 1763 1170 1798 n.
1198 1747 1225 1798 ⁶2.
1254 1756 1278 1798 et
1303 1767 1332 1819 p.
1359 1755 1427 1807 m

279 1831 423 1884 Errdlicner
442 1833 508 1886 Gen.
528 1851 558 1905 p.
574 1837 618 1886 45.
638 1841 663 1885 et
684 1837 761 1888 1338.
787 1851 814 1888 rs.
834 1839 897 1889 469.
943 1834 1119 1902 Hygropbiln
1145 1833 1263 1906 Manbuy
1285 1833 1331 1890 Fl.
1353 1840 1425 1894 Hie.

279 1920 318 1975 11.
340 1941 369 1994 ρ.
395 1927 440 1976 53.
484 1921 649 1990 Hygropyla
675 1919 775 1994 Tnylor
799 1924 827 1975 in
852 1922 933 1977 Ls'ssss.
960 1923 1101 1976 Tranruct.
1126 1921 1227 1976 xvir.
1251 1927 1278 1976 3.
1306 1944 1333 1996 p.
1356 1933 1423 1982 39⁰,

278 2009 473 2065 Marchantiec
492 2027 568 2078 spec.
588 2009 695 2064 Sanarlz
712 2021 737 2063 et
755 2020 835 2064 auur.

349 2135 570 2205 Receptaculum
590 2135 741 2191 femineum
759 2133 981 2204 pedunculatum
1001 2131 1221 2195 bi-octolrdum‚
1240 2149 1326 2204 saepe
1345 2136 1418 2192 irre-

275 2227 373 2295 gulare
390 2225 544 2295 setulisque
562 2223 732 2293 inspersum,
751 2223 822 2278 lobia
837 2222 987 2276 fructiferis
1000 2223 1035 2277 atl
1048 2223 1129 2277 basin
1143 2223 1309 2290 coniunctis,
1330 2227 1421 2282 radiis

276 2315 429 2370 interiectis
448 2315 532 2368 nullis
544 2319 594 2367 ant
608 2311 831 2376 obsoletissimis,
851 2310 941 2364 centri
962 2312 1049 2365 barba
1070 2311 1256 2380 stenopbylla.
1296 2313 1417 2368 Pedun-

277 2407 358 2459 culus
384 2404 476 2459 lrondi
498 2402 650 2456 continuus
673 2400 809 2456 involucri
834 2398 958 2469 squamis
982 2401 1098 2454 caducis
1121 2403 1231 2471 paucis.
1270 2401 1423 2459 involucra

277 2493 390 2562 propria
417 2499 458 2547 tot
486 2498 555 2561 quot
581 2490 702 2545 laciniae
731 2487 918 2558 receptaculi,
953 2506 969 2544 e
997 2489 1134 2544 lateribus
1162 2489 1329 2545 laciniarum
1357 2495 1422 2548 basi

277 2581 417 2650 contiguis
435 2581 572 2645 orientia,
600 2579 681 2650 spice
698 2577 893 2645 subdiscretc,
928 2579 1066 2647 oblonga,
1096 2581 1245 2646 tubulosa,
1274 2581 1310 2636 ab
1338 2583 1422 2652 apice

275 2667 406 2722 deorsum
436 2673 505 2724 rima
535 2668 728 2734 dehiscentis,
762 2683 949 2736 mococarpn,
978 2669 1055 2722 nude
1086 2669 1221 2724 sctulisse
1252 2686 1417 2740 conspersa.

276 2756 468 2814 Perianthium
488 2759 605 2814 nullum.
645 2758 756 2812 Pistilla
775 2756 974 2822 horizontalie;
1000 2756 1127 2826 calyptrn
1144 2759 1281 2821 oboram,
1300 2759 1329 2812 in
1350 2775 1416 2814 ser-

275 2847 330 2902 tice
358 2864 509 2916 rumpens,
537 2847 683 2902 involucro
712 2847 836 2910 brevior,
875 2845 1038 2914 persistens.
1085 2847 1209 2916 capsula
1233 2848 1418 2916 subglobcss,
1528 2865 1529 2932 }

274 2937 465 3006 irregulariter
492 2933 923 3006 semiquadri·(sex)·velvie,
961 2935 1127 3000 chartacea,
1157 2937 1418 3006 brevipediceiluta,

274 3027 412 3094 pedicello
429 3025 556 3092 calyptra
577 3023 698 3078 breviori
724 3021 786 3076 basi
814 3023 932 3077 bulbnso
951 3023 1072 3078 solubili.
1109 3019 1236 3080 Eletcres
1254 3027 1419 3096 parietnles.

275 3113 453 3180 bi-tsispiri,
477 3110 599 3168 decidui.
642 3110 854 3180 luflcreeceuts‘c
872 3113 1028 3168 masculina
1046 3111 1217 3168 disciformis
1236 3127 1286 3171 aut
1304 3119 1416 3186 pateri-

274 3201 390 3265 iormis‚
415 3197 702 3268 brevlpetlnscnlata,
726 3200 828 3256 subtus
847 3201 998 3270 psinaces,
1018 3203 1143 3272 margine
1161 3205 1272 3272 (saltem
1291 3205 1319 3258 in
1338 3213 1418 3260 stctu

273 3290 402 3362 iuvenili)
419 3290 524 3345 cillcta.
563 3291 723 3359 Apparatus
741 3290 933 3360 gemmipsrns
950 3291 1053 3346 nullus.

344 3399 435 3452 Frons
460 3395 603 3466 speciose,
642 3397 701 3450 lata
735 3402 765 3451 at
793 3397 902 3463 tennis,
936 3396 1043 3464 mollis,
1076 3402 1156 3450 coste
1178 3395 1265 3451 debili
1293 3397 1418 3456 discreta

272 3488 315 3542 vel
335 3485 495 3552 enbeffusa,
518 3486 677 3541 dichotoma
697 3490 747 3539 eut
764 3501 802 3540 ex
820 3485 901 3555 spice
920 3486 1085 3556 simpliciter
1109 3485 1259 3552 continua,
1284 3489 1416 3546 subtilis-

271 3579 341 3633 sime
360 3578 519 3632 scnulnso-
531 3575 630 3631 striata
649 3581 698 3632 eut
717 3575 848 3630 radiatim
867 3575 1030 3640 reticulata,
1059 3575 1135 3645 poris
1152 3575 1287 3631 obsoletis
1306 3578 1418 3648 absque

232 3693 238 3700 ·
271 3667 368 3722 ordine
387 3665 494 3737 sparsis
516 3663 637 3720 nullisve
661 3664 775 3720 omuino
799 3663 943 3733 praedita,
968 3664 1068 3718 subtus
1091 3665 1256 3734 plerumque
1281 3666 1417 3721 radiculis

271 3757 396 3827 undique
414 3771 566 3824 conspersa
585 3758 671 3824 atque
690 3753 870 3822 adeomagis
888 3753 1014 3807 minusve
1032 3753 1157 3818 hirsuta,
1181 3755 1227 3808 sel
1245 3769 1418 3824 esqusmosa

271 3845 314 3898 sel
345 3843 470 3914 squamis
498 3842 569 3898 raris
598 3843 701 3898 obsita.
749 3843 875 3896 Stratum
901 3843 1092 3898 catenularum
1116 3845 1294 3913 bypoporum
1323 3844 1416 3912 decet,

270 3932 337 3988 solis
356 3933 464 3987 cellulis
484 3931 695 4001 cbrnmullgeris
714 3931 849 3987 subiectis
872 3932 1039 4002 epidermidl
1066 3947 1130 3986 cum
1155 3937 1244 3988 strato
1269 3935 1417 4003 hypoporo

270 4019 398 4074 co'c'unte.

342 4126 464 4180 Plautne
480 4132 638 4194 terrestres,
656 4128 727 4184 locis
743 4129 808 4185 udis
822 4129 992 4200 irriguisqne
1003 4136 1172 4196 crescentes,
1191 4130 1264 4184 laeto
1279 4129 1415 4188 virentes.

342 4233 513 4292 Distributio
537 4235 729 4305 geographica
753 4211 911 4305 specierum
935 4241 953 4292 6
977 4238 1047 4292 baec
1066 4244 1119 4292 est.
1162 4237 1208 4292 Ex
1227 4236 1272 4290 his
1289 4236 1365 4293 duee
1384 4237 1415 4292 in

269 4324 384 4392 Europe
408 4329 539 4378 crescunt
562 4331 592 4378 et
618 4325 708 4380 altera
731 4326 844 4394 quidem
868 4324 927 4393 (D.
946 4327 1068 4398 inicus)
1092 4327 1122 4381 in
1150 4325 1296 4388 Hibernis,
1322 4326 1413 4380 ultera

269 4428 343 4481 quae
367 4412 443 4468 sedis
466 4412 558 4466 adbuc
582 4419 627 4468 est
649 4413 754 4468 dubiae
778 4413 852 4484 (scil.
872 4413 911 4470 D.
931 4415 1085 4488 Spctiyrii)
1116 4415 1147 4470 in
1167 4414 1290 4484 Corcyra
1317 4414 1414 4470 insula

269 4499 342 4554 lecta
369 4509 422 4558 cst.
468 4501 607 4571 Reliquae
635 4503 745 4571 species
780 4510 931 4572 proventus
968 4512 1036 4559 sunt
1071 4521 1205 4560 sonarum
1234 4503 1412 4569 calidlosum,
1528 4575 1529 4578 Ἴ
