3100 5072
691 417 737 470 XI

145 598 214 670 ism
243 593 410 668 traditas
434 595 588 682 iactam
616 595 656 667 iu
684 619 764 695 qua
791 595 999 696 pleraeque
1023 595 1181 694 plantae
1209 595 1285 671 He-

141 737 292 836 paticae
316 734 370 808 ad
386 737 598 837 specimina
615 737 894 823 herbariorum,
921 735 1102 834 inprimis
1118 737 1283 811 herbarii

140 878 440 966 humant,
469 877 808 978 Lisdesdergc'am',
837 877 1086 954 Gottsclrcnru'
1112 887 1198 950 tum
1211 881 1285 953 mei

137 1018 255 1094 etiam
285 1017 455 1117 proprii,
492 1032 580 1118 poet
613 1019 766 1100 obitum
805 1045 934 1098 mcum
968 1019 1147 1096 herbario
1180 1017 1285 1117 regio

109 1135 381 1236 'uterimei
411 1183 459 1236 ex
491 1162 621 1260 legato
652 1186 738 1240 mco
772 1159 984 1248 inserendi,
1014 1185 1038 1233 a
1067 1159 1284 1248 Gottsclsee,

140 1299 430 1402 Lindcrtbergio
458 1313 499 1378 et
528 1319 658 1384 munet
700 1304 786 1404 ipso
824 1303 953 1379 denuo
991 1300 1197 1378 recensitae
1234 1299 1286 1378 ud

140 1451 342 1528 usturam,
377 1465 585 1544 quousque
622 1445 665 1520 id
697 1447 780 1522 fieri
810 1446 960 1546 potuit,
999 1455 1286 1530 enumerantur,

148 1603 277 1658 aarum
302 1581 507 1686 etagamus
531 1587 583 1667 ab
609 1585 763 1687 integro
790 1596 1070 1672 restaurantur,
1102 1603 1285 1683 generum

142 1745 332 1802 meorum
356 1727 594 1807 characteres
619 1731 749 1807 multo
778 1728 1024 1810 correctiores
1054 1724 1288 1802 exhibentur

140 1877 181 1938 et
204 1866 421 1964 specierum
449 1870 581 1967 generi
605 1871 751 1972 cuique
771 1871 1035 1950 subiectarum
1053 1887 1187 1947 caussa
1203 1865 1288 1944 fun·

141 2004 339 2086 damentis
361 2008 589 2090 certioribus
613 2013 834 2093 instruitur.

244 2149 368 2238 Cura,
399 2152 472 2230 boc
502 2153 665 2236 consilio
689 2153 790 2234 iuter
820 2151 964 2233 amieos
988 2150 1105 2238 inito,
1137 2148 1288 2228 labores

142 2287 408 2370 distribuendi
439 2305 575 2386 esent,
609 2295 780 2395 placuit,
820 2306 865 2376 ut
899 2291 1184 2394 Lindesbcrgio
1215 2289 1287 2370 suli

143 2442 347 2509 mouerent
380 2444 466 2514 tun
496 2435 769 2536 Pragioettta
802 2461 943 2534 genus,
979 2433 1092 2510 euius
1119 2429 1289 2506 illustra-
1403 2445 1408 2458 ·

143 2573 293 2654 tionem
311 2576 666 2676 monographicsun
692 2575 752 2653 uti
775 2574 892 2661 scitis,
918 2573 1075 2650 Bonum
1096 2569 1290 2650 sumtibus

4 2739 5 2742 ¹
144 2713 281 2814 fleury
305 2725 346 2788 et
370 2713 503 2790 Coben
528 2713 664 2802 edidit,
689 2727 776 2792 turn
802 2737 893 2789 vero
916 2713 1033 2790 etiarn
1065 2712 1289 2792 metona-

145 2857 608 2945 commembribus,
639 2857 749 2934 ouius
775 2855 1057 2956 monographia
1081 2856 1132 2932 ab
1155 2853 1290 2932 eedem

150 3009 189 3072 st
215 2998 423 3080 ueuetso
447 2999 668 3097 conjunctis
693 2997 835 3074 studiis
860 3007 1092 3098 praeparate
1124 3019 1216 3075 mox
1243 3017 1292 3072 cx

148 3137 283 3216 ecdem
314 3138 469 3216 officina
497 3139 539 3220 in
574 3143 702 3218 lucem
729 3139 918 3240 prodibit.

252 3280 534 3384 Liudesbcrgii
558 3293 599 3357 et
627 3283 828 3361 uersata·
853 3279 1048 3360 communi
1080 3303 1199 3378 opera
1230 3301 1293 3352 ex-

148 3420 279 3518 posita
292 3433 349 3496 est
362 3421 612 3502 Jebstearum
627 3423 841 3510 subtribue,
860 3432 968 3497 vasta
987 3421 1057 3498 illa
1076 3420 1292 3521 specierum

149 3562 407 3640 multitudiue
443 3576 482 3640 et
515 3564 727 3641 formarum
759 3564 799 3638 in
838 3577 920 3639 tam
961 3562 1091 3665 parvis
1128 3559 1294 3638 mirifica

149 3700 335 3782 vasseto
365 3703 610 3796 eremium,
643 3679 645 3684 ’
680 3705 805 3805 igitur
843 3731 943 3808 quae
990 3704 1061 3780 nae
1103 3703 1144 3778 ru
1182 3710 1294 3802 pare

149 3844 279 3942 operis
313 3845 483 3928 emicent
518 3845 683 3947 reliquis
714 3847 960 3948 perfectiora,
998 3871 1044 3920 ea
1074 3845 1204 3922 omnia
1235 3841 1295 3918 bis

148 3985 265 4060 sociis
291 3987 482 4076 laborum,
509 4013 578 4063 nee
606 3988 713 4077 mihi,
740 3990 948 4066 tribuenda
974 4003 1077 4066 sunt.

253 4149 296 4222 ln
325 4147 484 4250 reliquis
511 4176 672 4250 quoque
698 4151 876 4250 partibus
901 4153 1004 4228 curis
1029 4153 1125 4228 meis
1151 4151 1295 4226 relictis

152 4285 259 4362 baud
290 4292 415 4367 omnir
448 4303 577 4368 temen
615 4294 806 4370 sociorum
842 4317 961 4396 opera
992 4294 1294 4380 desiderabatur,
