3100 5072
481 1167 910 1310 epilogus.

583 1409 801 1420 *—

230 1523 389 1629 Restat
424 1563 467 1623 ut
494 1577 621 1650 pauca
653 1552 702 1628 de
734 1550 860 1651 operis
892 1547 1063 1624 editione
1095 1549 1134 1622 in
1168 1577 1268 1628 com·

13 1731 15 1818 p
50 1690 59 1703 '
124 1687 253 1782 plures
290 1708 414 1759 anuos
450 1696 649 1784 protracta
684 1685 926 1762 adiiciamus.
993 1684 1125 1766 Quum
1167 1712 1267 1765 anno

123 1831 221 1898 1843
249 1833 385 1894 textus
409 1819 470 1896 ita·
492 1820 570 1894 fere
594 1829 848 1919 praeparatus
873 1829 985 1907 esset,
1015 1831 1059 1890 ut
1084 1818 1132 1892 de
1157 1825 1266 1920 prelo

120 1955 160 2028 in
187 1955 362 2056 singulos
386 1954 541 2030 libellos
566 1979 745 2028 emanare
770 1963 917 2051 posset,
946 1953 1087 2043 evenit,
1116 1968 1161 2028 ut
1188 1957 1266 2032 Viri

121 2089 360 2163 celeberrimi
374 2082 522 2188 Taylor
539 2102 578 2161 et
590 2089 626 2164 J.
643 2090 691 2162 D.
706 2086 874 2176 Hoolter,
902 2087 1266 2186 splendidissimam,

123 2249 241 2322 quarn
281 2224 380 2298 ulter
416 2221 456 2295 in
489 2221 749 2323 Expeditionc
782 2221 995 2297 antarctico
1035 2227 1265 2317 contulerat,

121 2356 389 2432 collectionem
427 2357 706 2455 Hepaticurum
751 2356 899 2458 publici
946 2359 1041 2432 iuris
1082 2359 1264 2438 facerent.

123 2491 332 2566 Haesimus
355 2491 479 2590 igitur
509 2518 530 2564 e
557 2492 698 2565 Diariis
726 2491 1052 2582 Londinonsibus‚
1087 2521 1188 2595 quae
1214 2499 1264 2574 ad

122 2651 257 2700 monus
287 2636 484 2714 venerant,
523 2637 672 2726 quanta
704 2624 907 2724 potuimus
939 2639 978 2700 et
1006 2627 1160 2727 singula
1192 2635 1265 2710 sin-

121 2763 223 2859 gulis
256 2759 460 2859 generibus
491 2759 721 2848 adiecimus,
765 2759 829 2833 sed
864 2784 988 2857 quum
1023 2761 1140 2837 etiam
1173 2768 1264 2846 haec

123 2897 337 2996 Anglornm
363 2895 602 2970 enumeratio
621 2919 691 2994 per
711 2894 855 2969 multos
875 2895 996 2970 libros
1022 2899 1186 2992 (scilicet
1214 2906 1265 2979 ab

123 3057 222 3106 anno
251 3038 352 3106 1844
376 3027 425 3103 ad
454 3039 570 3126 1846)
602 3028 913 3116 continuaretur,
946 3033 1263 3131 supplementum

121 3171 177 3264 (p.
204 3170 433 3261 614-796)
464 3162 705 3250 addidimus,
745 3163 889 3262 species
927 3169 1190 3264 complectens
1225 3185 1264 3245 et

122 3327 338 3403 synonyma
375 3299 674 3399 praestantiora,
724 3323 826 3398 quoe
865 3299 960 3375 dum
998 3301 1098 3378 liber
1136 3319 1265 3380 noster
1333 3369 1335 3372 ,

121 3438 419 3538 imprimebatur
441 3437 492 3510 ab
508 3433 594 3508 aliis
620 3433 815 3532 descripta
843 3434 1111 3513 innotuerunt.
1164 3440 1265 3514 Con·

120 3553 213 3672 'tigit
264 3570 376 3646 nobis
423 3595 584 3669 quoque
631 3568 931 3669 copiosissimam
981 3571 1263 3661 collectionem,

121 3731 239 3807 quam
266 3704 478 3780 indefessus
504 3703 708 3778 Botaniccs
734 3703 928 3778 Professor
947 3703 1167 3778 llasniensis
1191 3709 1261 3784 cel.

118 3841 160 3915 1².
190 3839 388 3928 Liebman,
413 3838 454 3913 in
481 3839 594 3914 terris
613 3833 842 3928 Mexicunis,
874 3851 916 3914 ut
942 3839 1124 3914 scientiae
1149 3841 1265 3915 inser·

116 3974 236 4065 viret,
264 3980 464 4074 coegerat,
491 3974 530 4048 in
559 3979 671 4050 usum
699 3974 917 4074 Synopseos
942 3973 1133 4062 conferre,
1161 3981 1265 4052 unde

115 4135 284 4208 magnus
308 4109 523 4209 specierum
556 4133 743 4185 novarum
778 4134 962 4183 numerus
992 4110 1100 4212 operi
1132 4127 1264 4186 nostro

115 4243 297 4333 affluxit,
345 4245 447 4319 sicut
494 4245 625 4332 nobis,
676 4244 943 4320 benevolentia
983 4249 1054 4323 cel.
1096 4251 1261 4350 Hampe,
1324 4323 1328 4331 ,

117 4377 301 4454 Klotzsch
339 4393 380 4454 et
416 4381 672 4483 Kohlmeyer‚
726 4379 797 4477 qui
819 4379 1072 4457 ,Herbarium
1118 4383 1264 4457 Mauri-

119 4508 268 4587 tiauum
304 4528 467 4606 emerat,
507 4515 639 4590 omnia
672 4539 773 4614 quae
808 4515 952 4590 Moritz
988 4515 1209 4617 nuperrime
1243 4545 1264 4588 e

1031 4665 1049 4704 B
