3060 5094
264 413 320 462 554
767 405 900 460 Duralia.

266 578 411 648 (Braun);
430 576 506 630 eirca
525 575 721 644 Salisburgum
741 575 769 628 in
793 575 880 630 muris
900 573 1044 644 (Ἐπικῆς
1072 573 1100 628 in
1118 576 1182 644 alpe
1201 577 1316 630 tiemari
1339 577 1428 630 Hel-

265 667 373 731 vetiae,
405 681 505 722 versus
529 664 707 732 Kandersteg
737 664 944 733 (Miibleubeclr
972 665 1001 719 in
1023 664 1082 720 Hb.
1104 665 1171 736 N.);
1207 664 1236 718 iu
1260 665 1353 722 Italia
1385 668 1431 720 ad

265 772 363 826 rupem
381 771 469 826 prope
487 753 640 808 Taurinum
660 753 728 823 legit
747 754 846 808 Balbis
867 754 917 822 (de
936 752 1077 822 Notaris).

550 915 577 964 2.
614 909 795 965 Davana
812 912 955 966 terrem
977 909 1121 963 Gottscbe.

336 1018 375 1073 D.
400 1016 559 1092 receptaculo
574 1017 692 1088 feninea
715 1035 810 1086 magno
829 1015 1047 1101 pleno-corruere
1070 1018 1188 1086 mergare
1204 1017 1426 1074 menum

263 1117 367 1162 eruruto
389 1105 481 1162 subm
507 1107 593 1173 uum,
616 1104 717 1175 fronde
739 1105 933 1159 merebrnnueeu
955 1103 1095 1158 namura
1121 1105 1255 1160 ormulatu
1274 1107 1425 1161 nauloru-

263 1198 395 1253 lacunosa.

406 1286 516 1338 Duratio
534 1299 621 1336 tenera
642 1281 762 1338 Gottrelre
779 1281 853 1338 leon.
873 1283 973 1354 Hepnt.
992 1283 1084 1337 incdit.

406 1375 565 1426 Marcbanris
585 1387 672 1424 tenera
692 1371 806 1425 Hoolrer.
826 1371 930 1424 Kuntlr.
949 1371 1058 1444 Synopr.
1072 1371 1160 1444 pleat.
1179 1372 1203 1426 l.
1215 1380 1301 1446 pso.
1344 1377 1381 1430 L.
1393 1389 1422 1431 et

471 1461 523 1532 Ly.
542 1461 571 1514 in
590 1459 679 1513 blm.
700 1459 771 1531 Pup.
786 1461 827 1533 pl.
847 1460 900 1514 lv.
920 1459 1029 1532 (1832.)
1042 1479 1072 1534 p.
1091 1463 1135 1515 30.

334 1567 444 1625 Crescit
461 1585 548 1637 prope
568 1567 635 1621 Ario
655 1567 871 1622 Maricauorum
891 1567 1159 1634 (A.dellumboldt,
1178 1567 1237 1622 Hb.
1254 1568 1419 1638 L.etLg.).

333 1658 452 1712 Fronder
470 1655 661 1726 caespitosae‚
682 1655 934 1719 tri-seminemus,
953 1656 1140 1721 obcordstac,
1165 1658 1419 1726 membranaceae,

265 1752 396 1813 tenerae,
423 1745 524 1799 subtus
549 1743 642 1798 medio
668 1745 825 1812 paullulum
843 1743 1019 1799 incrassatae
1043 1751 1072 1799 et
1090 1745 1224 1799 radiculis
1242 1746 1419 1814 instructae,

263 1849 463 1904 esquamosae,
491 1831 612 1898 virides,
638 1831 753 1886 striatae
779 1832 822 1886 vel
848 1834 1000 1886 renulosae
1019 1832 1228 1904 lacertosaeque
1247 1836 1367 1905 (quales
1385 1839 1416 1893 iu

263 1921 380 1976 Dnoolr'n
404 1921 550 1994 superesi),
584 1921 711 1988 margine
738 1922 909 1976 crenulatae.
959 1921 1332 1994 Recqrtmulnmsenn'nernn
1362 1945 1417 1996 pro

262 2010 360 2081 planta
381 2027 524 2081 magnum,
542 2009 750 2078 subcirculare‚
769 2011 862 2064 medio
881 2026 1056 2077 convexum,
1075 2014 1239 2080 regulorum
1257 2019 1287 2068 et
1305 2017 1415 2071 tuber-

264 2101 392 2155 culosum
412 2098 584 2170 (mammillis
604 2114 679 2169 aqua
697 2115 754 2153 non
781 2099 1018 2172 resurgentibus),
1043 2101 1169 2168 margine
1194 2101 1302 2158 fructus
1325 2105 1414 2174 longe

262 2191 418 2245 excedente
437 2191 571 2259 planum,
591 2189 686 2255 laeve,
706 2187 898 2254 irregulariter
917 2187 1204 2253 lebate-eremum,
1227 2189 1359 2246 eiusdem
1378 2211 1413 2247 ac

262 2278 343 2333 frons
362 2277 463 2333 eoloris
483 2285 511 2332 et
527 2283 667 2332 texturae.
705 2277 766 2331 Sub
786 2279 967 2345 receptaculo
984 2276 1077 2332 medio
1096 2277 1203 2332 tructus
1222 2279 1328 2334 adsunt
1343 2286 1413 2336 ³-b

262 2368 291 2422 in
314 2367 393 2422 vario
412 2367 582 2421 maturitatis
602 2366 702 2435 gradu.
740 2364 910 2419 Involucrnm
935 2366 994 2434 (vel
1021 2365 1134 2431 loculus,
1160 2367 1207 2437 qui
1232 2371 1410 2436 receptaculi

261 2457 420 2512 substantia
438 2456 550 2511 formari
566 2456 703 2524 videtur),
722 2453 914 2522 irregulariter
933 2469 949 2507 a
969 2460 1066 2508 centro
1086 2457 1121 2508 ad
1141 2456 1328 2524 peripberiaru
1345 2457 1407 2511 dis-

262 2560 404 2614 rumpens,
429 2543 588 2599 unillorum.
633 2543 762 2616 Galyptru
784 2559 903 2611 magna,
932 2543 1066 2612 capsulae
1090 2551 1119 2596 et
1143 2543 1280 2599 involucri
1303 2545 1408 2614 parieti

263 2639 340 2688 arcte
365 2633 533 2698 adhaerens,
557 2633 725 2708 tenerrima;
757 2631 862 2704 capara
888 2647 1008 2700 magna,
1033 2632 1156 2708 loculum
1182 2639 1267 2687 antea
1290 2635 1409 2690 omniuo

262 2723 389 2779 clausum
409 2723 604 2792 disrumpens,
629 2721 658 2776 in
677 2722 824 2776 involucro
843 2735 954 2790 semper
973 2721 1078 2784 latens,
1104 2721 1197 2776 colore
1215 2721 1292 2776 luteo
1312 2731 1408 2778 autern

263 2810 618 2882 (aperis-elateribusque
656 2827 730 2880 aqua
767 2809 870 2878 elutis)
909 2808 992 2863 facile
1028 2809 1234 2877 cognoscenda.
1280 2811 1408 2880 capsula

262 2900 371 2955 cellulis
395 2901 503 2955 cubicis
529 2906 557 2954 et
589 2898 746 2966 hexagonis
778 2897 954 2969 componitur
979 2897 1187 2965 flavo-luscis,
1218 2897 1304 2952 nullis
1328 2900 1407 2954 fibris

261 2987 446 3043 circularibus
475 2988 518 3041 rel
547 2987 804 3043 semicircularibus
833 2986 963 3057 depictis.
1006 2987 1174 3041 Peduneulur
1195 2988 1331 3057 capsulae
1349 2989 1403 3042 mi-

262 3072 371 3140 nimus,
410 3076 547 3130 tenaciter
579 3075 662 3130 loculi
694 3077 798 3144 angulo
831 3075 943 3130 interno
975 3077 1095 3130 adfixus.
1146 3075 1245 3148 Sperne
1273 3092 1404 3144 magnae,
1511 3099 1512 3152 3

251 3161 608 3229 ‚sphaerico-tetraddrae,
627 3163 803 3229 reticulatae,
822 3163 977 3230 brunneas,
1002 3164 1129 3231 margine
1149 3164 1262 3231 byalino
1280 3163 1401 3218 circum-

261 3249 353 3304 datae.
383 3251 501 3306 Eleteres
518 3252 604 3319 longi,
624 3252 793 3316 tenuissimi,
811 3251 922 3320 bispiri,
941 3252 1108 3322 serpentini,
1128 3251 1209 3306 susci.
1235 3253 1404 3307 Pedarrcrrlrrr

183 3371 187 3377 ·
259 3339 417 3411 recantare-li
434 3341 508 3395 inter
527 3341 636 3395 fructus
656 3342 763 3396 loculos
781 3341 834 3395 sub
854 3341 1034 3410 receptaculo
1052 3339 1155 3403 nudus,
1173 3357 1296 3409 superne
1312 3335 1400 3396 llere-

260 3443 353 3494 scens,
372 3429 435 3484 basi
453 3429 661 3493 lusco-ruber,
681 3429 785 3496 brevis,
805 3429 967 3497 ungulatus,
987 3429 1050 3484 sinu
1071 3429 1178 3483 lrondis
1196 3428 1333 3492 insidens,
1351 3433 1400 3482 sed

260 3515 333 3568 inter
352 3522 499 3589 utramque
519 3517 695 3587 superficiem
714 3533 860 3586 emergens
880 3524 912 3571 ut
929 3517 1038 3572 interne
1058 3518 1157 3571 fronde
1175 3517 1259 3587 qnasi
1281 3522 1399 3584 tegatur,

260 3620 383 3673 superne
410 3615 504 3662 autem
529 3606 637 3661 iroudis
660 3607 809 3676 superficie
836 3606 918 3676 quasi
937 3607 1014 3661 circa
1037 3622 1102 3661 cum
1128 3605 1255 3660 abscissa
1280 3605 1398 3660 eircum-

260 3695 388 3751 valletur.

330 3803 412 3856 Oba.
452 3803 524 3856 Cum
549 3808 627 3858 certa
653 3800 736 3856 sedes
762 3800 828 3854 buio
853 3801 970 3869 plantae
995 3799 1120 3854 noudum
1150 3797 1293 3866 adscripta
1317 3803 1397 3861 esset,

259 3889 350 3944 fusius
367 3890 629 3956 fructificationem,
647 3891 763 3946 omnino
781 3887 916 3943 moulins
933 3890 1053 3961 rupertus·
1071 3902 1241 3955 congruam,
1264 3887 1318 3940 boc
1339 3886 1397 3940 loco

259 3979 357 4046 attuli,
375 3981 469 4047 uude,
495 3981 520 4034 si
545 3978 652 4034 frondis
671 3981 862 4033 characterem
883 3979 966 4032 simul
985 3977 1080 4032 auimo
1099 3975 1296 4045 perpenderis,
1321 3975 1398 4028 Mor·-

257 4068 391 4124 clientium
409 4079 524 4123 emaum
535 4068 690 4122 ductorum
700 4063 739 4121 'ad
747 4065 878 4122 Deceliae
894 4081 985 4134 genus
1004 4081 1067 4120 esse
1084 4065 1259 4119 referendam
1277 4063 1395 4130 colliges.

259 4156 362 4212 Differt
386 4171 405 4209 a
428 4155 549 4210 Dnealr'o
571 4157 702 4228 inposta,
726 4156 820 4225 quoad
847 4151 1069 4210 fructificationis
1093 4168 1254 4222 processum
1278 4153 1396 4206 nondum

258 4247 311 4301 rite
329 4243 451 4313 cognita,
469 4244 649 4312 receptaculo
668 4245 767 4300 maiori
787 4244 1040 4313 plano-convexo,
1060 4259 1079 4296 a
1096 4241 1215 4296 Boaulia
1232 4241 1396 4313 brwipdm-

257 4333 362 4400 estare
397 4331 480 4388 cuins
512 4335 720 4402 receptaculum
746 4332 912 4388 femininum
940 4333 1068 4402 (nostrae
1093 4329 1208 4398 omnipo
1234 4332 1393 4398 congruum)

258 4423 421 4479 amicissimi
441 4421 607 4490 Montaguei
627 4421 824 4478 benevolentia
844 4423 916 4490 vidi,
940 4422 1065 4494 squamis
1084 4420 1237 4476 costelibus
1254 4421 1304 4488 (sn
1323 4435 1392 4474 sem-

257 4512 343 4582 pert)
365 4511 568 4568 deficientibus.
605 4509 776 4582 (Gottsobe.)
