3100 5072
708 421 751 469 lx

157 596 354 692 praebere,
394 617 439 666 aa
471 617 575 681 vero,
617 619 718 692 quae
753 607 909 693 tempus
940 595 1012 670 sibi
1045 595 1295 696 praefinitum

154 748 218 812 ant
242 746 506 833 praecurrunt
530 745 599 807 aut
624 735 961 832 praetermittunt,
997 738 1055 810 vel
1082 737 1112 810 si
1140 738 1298 814 meliora

153 879 228 952 illis
253 875 500 974 rectioraque
526 897 659 972 perse
685 876 845 975 quidem
873 874 1083 950 iudicanda
1106 876 1203 964 sint,
1235 879 1298 951 de-

152 1019 261 1094 flexis
288 1018 341 1092 ad
366 1018 444 1092 alia
469 1016 669 1091 bominum
703 1020 842 1092 animis
873 1018 1003 1092 locum
1038 1017 1080 1092 in
1110 1019 1192 1092 vita
1222 1021 1297 1094 sibi

151 1175 265 1238 antea
331 1171 513 1260 paratum
564 1173 684 1258 atque
735 1160 887 1234 aditum
936 1171 1085 1232 certum
1140 1184 1296 1256 perraro

152 1304 337 1391 invenire,
366 1303 500 1376 saltem
522 1326 598 1376 non
617 1300 699 1374 sine
716 1299 949 1375 difficultate
967 1299 1040 1374 sibi
1060 1299 1297 1374 revindicare

152 1472 262 1546 posse
288 1455 454 1520 constat.
506 1441 622 1522 Quod
653 1465 801 1516 mecum
836 1439 1057 1539 reputando
1088 1443 1296 1516 collectoris

153 1613 296 1661 munus
316 1598 552 1682 tenuemque
569 1583 771 1679 gloriolam
793 1585 942 1682 coeptis
963 1582 1171 1659 maioribus
1190 1607 1296 1682 prae-

153 1729 251 1801 ferre
279 1725 481 1822 missisque
507 1721 754 1821 perfectionis
779 1725 928 1814 altioris
948 1724 1120 1823 propriis
1146 1723 1294 1798 viribus

60 1899 62 1902 ·
150 1867 421 1968 singularique
452 1862 643 1938 industria
676 1865 943 1962 provocandae
980 1865 1165 1941 laudibus
1201 1893 1295 1942 com·

143 2013 278 2114 peadii
302 1995 510 2090 commodo,
544 2029 666 2079 rerum
698 2008 802 2080 houd
830 2007 1008 2082 mediocri
1039 2011 1148 2107 copia
1166 2011 1293 2108 plena,

150 2155 190 2226 in
224 2146 427 2225 scribendo
464 2145 573 2245 sequi
607 2171 758 2220 mecum
799 2147 931 2222 statui.
991 2147 1127 2246 Neque
1164 2159 1291 2226 tamen

147 2293 344 2371 abstinere
365 2291 416 2364 ab
436 2287 541 2366 omni
559 2287 721 2387 proptio
739 2289 873 2364 labore
892 2289 933 2362 in
952 2288 1084 2364 animo
1106 2301 1200 2378 erat,
1226 2291 1293 2366 sed

147 2433 427 2513 tantummodo
457 2432 508 2506 ab
539 2427 679 2504 iterato
711 2430 886 2509 examine
919 2430 1134 2528 specierum
1159 2397 1291 2506 omni-

148 2605 229 2663 um,
262 2599 362 2674 quae
380 2572 540 2673 ¹pridem
566 2571 617 2671 ab
642 2571 729 2647 aliis
744 2583 878 2646 ‘efflent
903 2584 973 2646 aut
998 2574 1198 2649 absolutae
1222 2587 1291 2648 aut

146 2719 284 2792 saltem
304 2715 521 2800 adnotatae,
548 2723 673 2808 neque
698 2711 835 2787 sectari
856 2736 973 2786 novas
999 2736 1130 2786 omnes
1154 2725 1224 2786 aut
1249 2713 1290 2786 in

147 2854 334 2932 berberiis
358 2853 486 2928 adbuc
511 2853 676 2926 latentes
706 2861 776 2926 aut
808 2851 924 2926 etiam
956 2852 1168 2941 amicorum
1198 2881 1291 2929 cura

152 2999 207 3071 vei
231 3001 274 3071 in
301 2995 435 3070 eodem
461 2993 649 3090 temporis
668 3004 875 3068 momento
906 3019 927 3068 e
959 2994 1043 3069 loco
1074 2996 1194 3080 natali
1225 3021 1291 3071 au·

148 3137 322 3212 ferendas
347 3133 522 3234 mihique
549 3131 886 3222 transmittendam
925 3162 1056 3214 verum
1084 3165 1185 3236 quae
1213 3138 1289 3224 iam

147 3291 260 3353 antea
284 3303 309 3351 a
333 3301 395 3350 me
419 3273 599 3350 amicisve
630 3275 726 3350 meis
756 3289 937 3358 accurate
972 3279 1214 3385 examinatae
1248 3280 1287 3354 io

147 3429 306 3515 promtu
333 3424 461 3502 erant,
497 3441 560 3492 eas
585 3427 742 3518 cunctas
774 3429 814 3492 et
844 3416 884 3492 in
917 3443 1073 3492 censum
1098 3444 1167 3493 suo
1203 3419 1288 3493 loco

146 3553 281 3633 vocare
296 3567 336 3632 et
353 3556 824 3661 amplioribusiliustrare
836 3558 1167 3657 descriptionibus
1183 3559 1287 3650 baud

144 3698 312 3774 alienum
338 3701 517 3773 a'nostro
542 3698 746 3797 proposito
771 3698 974 3774 ducebam.

242 3881 443 3956 Praeterea
469 3891 597 3952 autem
627 3904 813 3974 novorum
848 3907 1031 3979 generum
1059 3882 1099 3955 in
1127 3883 1198 3957 bac
1230 3884 1285 3958 sa·

144 4021 252 4098 milia
272 4015 588 4095 instruendorum
608 4019 875 4109 fundamenta,
901 4049 1002 4123 quae
1018 4023 1169 4098 dudum
1191 4023 1285 4098 mibi

144 4187 257 4236 curae
283 4159 409 4249 mere,
441 4159 482 4233 in
516 4163 589 4235 hoc
621 4183 735 4259 opere
767 4163 1009 4238 eruditorum
1035 4163 1204 4238 examini
1230 4163 1287 4237 di-

143 4303 353 4404 sceptanda
378 4314 416 4375 et
443 4301 668 4401 corrigenda
688 4303 875 4380 subiicere
895 4331 952 4380 res
977 4305 1062 4404 ipsa
1086 4305 1285 4390 suadebat,
