3108 5080
749 392 926 447 Lioclrlaena.

506 559 578 625 Xl.
624 560 925 631 lrlocltlaemn
947 559 992 626 N.
1017 563 1058 626 ab
1082 561 1121 627 E.
1146 563 1191 642 a),

266 679 505 748 iungermanniac
523 699 615 752 specc.
637 682 731 736 Acctt.
752 683 898 738 Eudlieler·
921 683 988 738 Gerr.
1004 701 1033 756 p.
1053 689 1099 740 45.

338 785 531 843 Periantlaium
552 789 713 854 terminale,
733 789 926 852 adscendens.
946 801 1096 845 retrorsum
1115 793 1334 858 subarmalem,
1361 796 1414 850 de-

269 890 343 928 ntum
363 876 546 944 cylindricum
567 879 670 932 vertice
690 886 820 933 truncato
838 879 1087 948 depresso-plano
1108 881 1341 948 subumbilicato,
1366 901 1417 939 ore

267 971 411 1021 contracto
435 967 531 1024 ciliato
556 967 628 1022 ciliis
653 967 809 1022 articulatis
835 967 940 1023 strictis
959 969 986 1023 in
1005 985 1107 1024 conum
1128 970 1238 1025 brevem
1258 973 1414 1028 conniven-

267 1053 352 1109 tibus.
391 1055 532 1113 lauolucri
552 1056 618 1112 lolia
639 1057 705 1122 dno,
726 1057 846 1112 caulinis
864 1058 1027 1116 conlormla.
1064 1059 1189 1128 capsula
1207 1061 1306 1123 oralia.
1326 1063 1415 1120 firma.

267 1141 303 1194 ad
324 1143 404 1198 basin
424 1161 514 1215 usqne
532 1144 732 1216 quadriralris.
771 1145 896 1201 Blateres
915 1147 1035 1203 valvulis
1053 1147 1155 1204 mediis
1173 1150 1281 1217 inserti,
1301 1152 1415 1216 caduci,

268 1229 375 1298 bispiri.
414 1234 542 1288 Stamina
568 1233 597 1289 in
624 1233 720 1288 axillis
745 1233 873 1289 foliorum
899 1237 1073 1304 superiorum
1092 1238 1301 1294 immolatorum
1321 1239 1414 1294 denu-

269 1316 354 1384 data;
374 1321 507 1376 antherae
526 1323 677 1390 globosae;
695 1323 838 1378 filamenta
858 1324 964 1379 irrevla.

342 1409 446 1466 Gaulos
470 1412 626 1468 arctissime
652 1419 796 1483 repentes,
822 1411 945 1474 ramosi.
968 1413 1291 1483 caespitum-contexti.
1336 1415 1417 1473 Folia

268 1496 386 1566 integra,
407 1500 435 1553 in
456 1501 540 1557 dorso
558 1501 684 1556 nonnihil
702 1499 890 1566 decurrentia,
910 1501 1070 1556 terminalia
1088 1501 1259 1564 verticalitcr
1271 1507 1416 1575 contigua,

269 1586 465 1659 declinataque
486 1590 533 1658 (ad
553 1591 667 1646 modum
686 1591 743 1646 iere
764 1591 1026 1660 Plagiocltilarnm).
1064 1591 1274 1662 Amphigaslria
1292 1596 1380 1650 nulla.

342 1675 459 1744 Species
486 1695 558 1746 una,
585 1680 614 1734 in
639 1679 779 1735 umbrosis
804 1679 912 1748 frigidis
931 1680 1061 1750 Europae
1085 1683 1121 1736 ad
1147 1683 1278 1738 arborum
1305 1685 1417 1740 radices

271 1769 299 1815 et
318 1763 346 1817 in
364 1765 443 1820 saxis
463 1766 537 1822 circa
557 1767 635 1824 rivos
654 1774 819 1830 montanos,
845 1767 965 1838 ipsaque
989 1769 1018 1822 ln
1038 1768 1099 1838 ripn
1118 1770 1237 1826 irrorata
1257 1773 1292 1825 ad
1312 1783 1416 1829 terram

272 1871 406 1919 nascens,
431 1858 504 1912 laete
530 1855 644 1920 viridia,
670 1856 728 1910 lata
746 1862 836 1910 strata
856 1864 987 1920 nectens,
1014 1859 1050 1912 alr
1076 1865 1228 1914 anctumno
1247 1861 1275 1916 in
1295 1863 1416 1931 primum

271 1959 320 1997 rer
339 1942 446 2000 lrnctus
466 1945 596 2016 gignens.

479 2095 502 2142 t.
539 2089 784 2144 moenam
802 2090 1033 2146 loasceolctn
1053 2089 1089 2142 N.
1110 2091 1146 2143 ab
1166 2091 1198 2143 la

413 2200 615 2264 langermannia
641 2197 784 2248 lanceolata
810 2195 848 2250 N.
866 2194 898 2248 ab
916 2194 953 2249 Ε.
979 2197 1050 2268 Ηφ.
1071 2195 1143 2250 Ettr-
1172 2195 1196 2250 Ι.
1213 2213 1243 2268 p.
1262 2201 1327 2258 3³7.
1352 2202 1416 2252 280.

479 2285 520 2338 ll.
535 2303 565 2358 p.
584 2289 647 2339 481.
667 2284 723 2337 111.
740 2301 769 2355 p.
786 2288 849 2338 638.
870 2285 917 2338 lv,
932 2303 962 2356 p.
982 2284 1080 2339 tht.
1119 2284 1249 2338 Lindml.
1262 2286 1416 2358 Hep.Eur.

475 2393 505 2446 p.
525 2379 569 2429 71.
594 2392 621 2427 a.
641 2377 686 2429 ⁷0.
731 2371 819 2426 Hool.
840 2371 916 2426 Brit.
935 2373 1074 2442 Juagaraaa.
1104 2381 1123 2426 t.
1151 2377 1192 2426 18.
1239 2371 1281 2426 De
1306 2375 1418 2430 Notat-is

480 2463 570 2516 Prisc.
596 2461 667 2534 Hep.
693 2459 750 2516 ital.
771 2481 801 2534 p.
820 2467 865 2516 37.
890 2480 918 2516 rt.
938 2465 982 2516 47.
1040 2461 1133 2531 Moap.
1155 2470 1180 2515 et
1201 2461 1286 2516 Nestl.
1315 2463 1358 2518 St.
1377 2482 1414 2517 er.

483 2551 566 2623 Vop-
578 2551 665 2608 Rhea.
685 2549 736 2604 VI.
756 2569 783 2605 rt.
802 2555 866 2606 6‘27.
912 2549 1018 2605 Hiera.
1039 2561 1063 2604 et
1083 2549 1180 2605 Gentis.
1202 2550 1304 2622 Hepat.
1323 2551 1414 2605 Gerra.

479 2644 572 2696 eecce.
594 2642 634 2695 11.
654 2659 681 2694 a.
700 2643 746 2694 42.

334 2733 361 2792 β,
380 2735 449 2796 laxa,
472 2733 540 2784 loliis
560 2730 764 2783 rrrbdistantibne
784 2727 966 2780 tenerioribus.

328 2837 357 2883 γ,
376 2819 540 2886 mnuatho,
561 2823 634 2872 caule
655 2819 735 2870 dense
754 2821 888 2887 prolilero,
908 2820 976 2869 loliis
996 2819 1084 2874 cratis,
1103 2815 1252 2884 prriautlriir
1272 2820 1373 2884 amplis.

337 2915 360 2970 δ,
379 2909 517 2979 rttseacem,
537 2911 647 2960 surculis
666 2909 741 2959 solito
762 2907 907 2958 latioribus.

348 3011 469 3067 Habitat
488 3015 515 3068 ln
534 3012 622 3082 sylvis
641 3017 670 3066 et
688 3012 757 3068 locis
776 3013 915 3068 umbrosis
934 3011 969 3066 ad
989 3012 1079 3067 solum
1098 3012 1258 3080 argillosam
1278 3019 1305 3065 et
1323 3011 1418 3067 silico-

274 3115 346 3164 snm,
365 3115 450 3170 snpra
470 3118 542 3157 saxa
557 3109 587 3155 ct
600 3104 731 3156 arborum
745 3107 859 3157 truncos
876 3103 1019 3172 Europae:
1038 3102 1067 3155 in
1090 3101 1246 3160 Britannia,
1267 3101 1421 3156 Germania

276 3189 507 3257 (Schwarzwald,
529 3192 728 3261 Niirnbcrger·
750 3191 807 3244 uad
824 3190 989 3244 Kcsbacher
1001 3189 1089 3244 Wald
1104 3189 1307 3256 beillrlangen,
1328 3189 1418 3242 Sach-

273 3279 413 3345 senwald‚
435 3277 668 3350 Fiehtelgabirge,
688 3279 783 3344 Hera,
804 3279 934 3342 Lausita,
956 3281 1110 3348 Sudeten),
1137 3277 1231 3333 Gallia
1251 3277 1420 3347 (Vogesen).

276 3365 409 3422 Helvetia
427 3369 539 3442 (lara),
560 3369 659 3424 ltaliae
685 3384 773 3440 prope
792 3369 963 3423 Florentiam
984 3368 1141 3438 (attaholt),
1167 3367 1195 3420 in
1220 3363 1285 3417 udis
1308 3365 1420 3419 collium

275 3453 491 3512 Taurinensiurn
509 3457 779 3527 (aste-opizzoni),
798 3455 827 3509 in
844 3456 949 3510 lusulis
967 3455 1089 3526 Corcyra
1108 3455 1259 3526 (Spathya)
1278 3459 1306 3507 et
1328 3451 1418 3508 Tene-

274 3540 336 3597 rilla
354 3545 445 3614 (Bory
465 3547 499 3600 de
519 3547 561 3600 st.
582 3545 727 3616 vincent).
768 3544 895 3598 Maturat
914 3543 1033 3598 lrnctnm
1053 3545 1143 3613 primo
1162 3558 1235 3597 vere.

346 3650 449 3705 Gaules
464 3650 580 3706 elatere
596 3651 859 3720 prolitare-ramosi.
896 3651 978 3706 Folia
989 3647 1278 3708 ovato-subrutunda,
1296 3644 1421 3714 obliqua,

274 3737 482 3806 immarginata,
500 3739 830 3809 patulo-adscendentia,
849 3740 1030 3804 viridissima,
1050 3739 1175 3805 margine
1185 3733 1289 3791 dorsali
1304 3732 1422 3786 rectiore

274 3826 444 3880 decurrente
465 3829 602 3899 apiceque
621 3844 748 3884 recurva.
780 3829 968 3882 involucralia
989 3828 1142 3883 verticalis.
1173 3821 1367 3878 Pertaotoiom
1385 3819 1421 3874 ad

275 3916 409 3982 angulum
430 3923 535 3971 rectum
556 3918 748 3981 adscendens,
768 3917 822 3971 leni
843 3934 909 3971 arcu
931 3933 1088 3980 recurvum,
1106 3921 1200 3970 aetate
1219 3913 1422 3968 umbilicatum.

347 4005 485 4060 Addimus
504 4005 647 4060 historiam
665 4005 834 4059 evolationis
853 4006 1088 4074 fructificationis,
1107 4006 1142 4060 cl.
1156 4002 1301 4060 Gottsclrei
1321 4000 1420 4055 obaer-

274 4094 437 4150 vationibna
455 4095 637 4150 illustratam:
669 4093 800 4156 „Pistilla
819 4099 886 4149 4-8
904 4103 965 4152 toro
983 4095 1100 4164 genitali
1119 4094 1209 4148 caulis
1228 4089 1347 4146 extremi
1366 4089 1420 4143 im-

275 4183 378 4252 posita,
397 4183 471 4238 loliis
489 4182 711 4240 involucralibua
730 4181 877 4237 interiecta
891 4185 1019 4255 colloque
1032 4181 1160 4237 annulari
1174 4181 1277 4248 cineta,
1296 4179 1326 4232 in
1341 4176 1423 4232 cuins

274 4271 401 4340 margine
414 4272 532 4326 cellulae
546 4271 684 4339 longiores
698 4271 844 4342 magisque
863 4273 1022 4342 pellucidae
1037 4271 1206 4342 promineat.
1234 4268 1365 4323 Aunulns
1378 4267 1423 4321 laic

271 4413 493 4425 .-.,.....-......-.

360 4489 388 4566 l)
410 4485 492 4560 λεῖος
509 4496 587 4546 laevis
607 4509 632 4546 et
649 4485 769 4570 χλαῖνα,
788 4498 1005 4564 integumentum,
1024 4493 1208 4562 periaotlriurc.
