3140 5112
658 382 804 453 Lejennia.
1030 393 1031 398 ’
1253 389 1307 442 809

155 569 263 621 genere
286 551 421 624 Lejeuula
441 551 541 608 merito
559 553 736 620 dubitamus,
763 561 812 606 ant
836 569 910 622 quac
935 553 1048 607 omuino
1073 560 1139 608 saut
1158 555 1305 614 obscurae.

156 643 204 695 Ex
224 642 295 707 illis,
322 657 393 711 quas
413 642 485 696 bene
503 643 715 710 cognoscimus,
743 642 863 695 duarum
887 648 995 695 tautam
1020 659 1087 698 vera
1109 644 1203 712 patria
1227 646 1305 710 lutat,

155 729 209 784 sed
228 747 291 786 eam
320 739 413 785 tamen
437 731 622 800 probabiliter
643 731 803 784 Amerinam
821 729 959 798 tropicam
979 746 1042 784 ease
1061 747 1227 798 persuasum
1252 742 1304 789 est.

158 819 330 875 Distributio
348 827 442 875 autem
461 820 650 889 geographica
667 820 823 888 specierum
843 819 955 887 aeneus
974 819 1128 889 Lejenuiae
1148 821 1218 876 hacc
1236 831 1287 878 est.

118 989 123 999 .
159 925 161 928 ¹
230 945 361 1014 Europae
379 944 603 1013 suntspcoiestl,
622 959 695 1015 quae
715 945 867 1013 pleraeque
886 945 915 997 in
933 943 1075 998 Hibernia
1089 953 1228 1011 creseunt,
1248 963 1305 1002 nna

156 1035 227 1105 (ιη’.
246 1033 428 1106 serpyllisolia)
449 1035 476 1087 in
499 1033 629 1088 Amerina
649 1032 876 1102 septentrionali,
904 1026 1218 1089 Promontoric'Bonae
1235 1035 1303 1105 Spei

154 1133 184 1176 et
204 1125 232 1176 in
252 1122 322 1176 Asia
340 1123 448 1191 tropica
467 1122 629 1177 continente
649 1122 764 1188 cresclt;
792 1121 866 1175 duae
885 1123 971 1189 paulo
990 1122 1074 1176 latius
1092 1139 1143 1192 per
1161 1111 1304 1194 Europam

154 1219 335 1282 spargantur,
355 1211 479 1280 reliquae
498 1211 549 1266 soli
570 1211 690 1279 Angliaa
708 1217 739 1264 et
757 1210 884 1280 inprimis
903 1209 1061 1266 Hiberniae
1079 1213 1210 1282 propriae
1228 1223 1302 1270 sunt.

155 1301 261 1355 Iasulis
272 1301 402 1355 Canariis
420 1304 439 1354 2
456 1300 564 1368 species
582 1307 664 1364 suut,
682 1315 801 1369 quarum
820 1314 878 1352 nna
896 1299 981 1353 etlam
1001 1299 1030 1354 iu
1050 1301 1173 1356 Brasilia
1192 1304 1302 1358 crescit.

155 1389 305 1444 American
329 1389 542 1458 septentrionali
561 1393 579 1443 4
598 1388 707 1458 species
726 1396 807 1454 sunt,
832 1387 892 1443 scil.
911 1391 930 1442 2
948 1388 1096 1458 propriae,
1127 1395 1140 1444 l
1161 1391 1301 1462 Europae,

156 1486 169 1533 1
192 1478 339 1533 Americae
366 1477 491 1546 tropicae
510 1477 677 1532 communis.
720 1477 833 1532 Africae
858 1475 916 1531 cris
934 1476 1122 1532 orientalibus
1141 1481 1255 1550 (Ouare
1273 1489 1303 1537 et

154 1567 261 1636 Benin)
283 1573 291 1620 l
315 1574 358 1620 cst
375 1565 485 1634 species
503 1582 595 1636 eaque
613 1567 736 1636 propria.
775 1563 972 1619 Promontorio
986 1565 1162 1636 BonaeSpei
1185 1573 1213 1622 11
1234 1580 1302 1625 sunt

156 1657 282 1725 specics,
307 1653 368 1708 scil.
388 1659 415 1719 7,
440 1669 515 1724 quae
533 1653 596 1708 istis
615 1656 697 1710 terris
717 1655 847 1725 propriae
866 1669 929 1709 esse
948 1654 1095 1717 videntur,
1120 1661 1178 1720 tuur
1199 1673 1265 1712 vero
1286 1665 1295 1712 1

152 1743 231 1816 (Lq'.
254 1741 461 1816 serpyllisolic),
497 1743 629 1812 Europae
658 1745 810 1815 multisque
844 1743 908 1798 aliis
938 1742 1102 1810 regionibns
1134 1749 1299 1812 communis,

152 1839 171 1888 3
191 1841 218 1886 et
237 1834 265 1887 in
287 1833 408 1886 Brasilia
427 1841 513 1901 atque
527 1831 644 1886 Gaiana
661 1840 827 1888 crescentes.
863 1833 968 1886 Insnlis
984 1833 1161 1888 Mascarenls
1182 1839 1215 1889 13
1234 1844 1300 1891 suut

153 1921 278 1990 species,
298 1936 335 1974 ex
352 1919 396 1974 his
414 1925 432 1975 9
451 1937 590 1991 nusquam
612 1923 677 1977 alibi
697 1923 829 1978 iuventae
848 1929 925 1984 suut,
945 1921 1115 1991 reliquarum
1137 1928 1147 1976 l
1170 1924 1256 1978 etiam
1269 1926 1298 1980 in

154 2005 252 2064 insulis
270 2010 343 2079 ¹lava
364 2012 474 2076 crescit,
493 2016 511 2064 ³
531 2012 656 2082 reliquae
664 2010 811 2067 Americae
830 2009 956 2066 calidiori
976 2011 1140 2077 (Peruviae,
1158 2013 1298 2080 Gaianae,

155 2099 308 2168 Braailiae)
331 2116 394 2154 cum
415 2099 519 2154 lusulis
538 2101 715 2156 hlasearenis
734 2115 897 2156 communes
915 2108 991 2153 suut.
1029 2100 1115 2154 Asiae
1134 2102 1297 2165 continenti.

153 2188 264 2243 inclusa
283 2189 404 2258 Nepalia
424 2195 453 2244 et
472 2189 646 2259 Neelgherry
671 2206 735 2244 cum
761 2190 855 2244 Insula
883 2189 1004 2257 Ceylon,
1033 2193 1063 2242 11
1090 2189 1199 2257 species
1223 2200 1297 2256 sunt,

151 2293 188 2330 ex
207 2275 310 2347 quibus
329 2281 348 2331 6
368 2278 453 2332 haiae
480 2277 544 2332 hnic
570 2281 643 2347 parti
669 2280 815 2348 propriae,
843 2283 861 2330 2
886 2293 1047 2332 communes
1067 2269 1297 2346 Insulae'Javse,

154 2372 166 2420 1
196 2367 311 2422 Insulae
338 2366 465 2434 Oaaihi,
497 2373 506 2421 1
536 2367 651 2422 Insulae
676 2365 880 2435 Gnadelupae,
913 2381 971 2420 una
996 2365 1135 2421 Gaianae.
1179 2368 1294 2423 Insulae

151 2457 303 2512 Marianae
328 2457 485 2513 tribuerunt
509 2461 528 2511 6
551 2455 679 2526 species,
706 2469 824 2524 quarum
849 2471 905 2508 una
932 2455 1017 2508 etiam
1043 2455 1071 2509 iu
1098 2453 1294 2510 Promontorio

151 2543 249 2600 Bonae
269 2545 351 2616 Spei,
379 2547 408 2600 iu
427 2546 533 2600 Insulis
552 2547 595 2600 St.
616 2544 757 2612 Domiugo
783 2552 811 2598 et
830 2543 1001 2613 Gundelnpa
1019 2552 1104 2614 atquc
1122 2544 1151 2597 in
1171 2543 1293 2598 Braeilia

149 2633 263 2689 iuventa
282 2643 333 2691 est.
379 2635 595 2691 insulae-levae
613 2635 655 2701 (et
672 2633 816 2688 Lucaniae
836 2633 984 2700 speciebus
1003 2638 1020 2687 4
1038 2633 1159 2702 propriis
1175 2639 1194 2688 2
1212 2651 1290 2688 ccm-

111 2715 120 2730 “
148 2723 317 2778 mnnibnsin
336 2741 450 2779 censum
467 2724 609 2796 adductis)
627 2728 662 2778 27
673 2728 739 2776 suut
751 2722 870 2790 species,
890 2721 950 2776 scil.
963 2723 997 2774 at
1011 2721 1153 2790 propriae,
1170 2727 1188 2776 4
1207 2722 1292 2776 etiam

148 2815 176 2868 in
198 2814 319 2868 Brasilia
338 2820 368 2868 et
384 2813 506 2876 Gaiana,
528 2819 541 2866 l
563 2812 590 2866 iu
605 2811 727 2867 Brasilia
745 2818 775 2865 ct
789 2811 895 2864 lusulis
906 2811 1096 2876 Australibus,
1120 2815 1130 2863 l
1151 2811 1180 2864 iu
1195 2811 1292 2865 lusnla

148 2901 188 2954 St.
201 2901 392 2970 christophori
411 2910 578 2956 crescentes.
603 2900 734 2955 Ameriae
749 2901 856 2969 tropica
871 2899 1020 2954 continens
1038 2898 1194 2967 orientalis,
1214 2899 1289 2953 Bra-

147 2987 237 3042 ailiam
258 2999 286 3044 et
305 2989 446 3044 Guiauam
466 2990 725 3059 comprehendens,
749 2993 785 3044 18
803 2989 1006 3044 demonstrarit
1025 2989 1152 3057 species,
1171 3005 1289 3060 quarum

144 3081 180 3130 45
198 3077 330 3145 propriae
349 3087 430 3142 suut,
456 3083 492 3134 ‘2³
517 3079 682 3149 praesertim
701 3078 802 3132 ludiae
827 3077 1011 3133 occidentalis
1034 3077 1150 3144 insulis,
1182 3095 1290 3148 paucae

145 3171 172 3218 et
196 3165 259 3221 aliia
286 3169 363 3222 orbis
389 3177 526 3223 terrarum
553 3169 682 3238 partibus
708 3167 840 3221 tributae.
880 3168 1050 3222 Communes
1075 3174 1155 3221 snut:
1185 3167 1289 3220 lusulis

143 3254 303 3321 lamaicae,
330 3258 445 3320 Cuhae,
472 3259 514 3312 St.
534 3257 696 3320 vincentii,
725 3256 766 3312 St.
788 3257 981 3326 christophori
1008 3261 1042 3310 12
1060 3273 1102 3324 ap.
1122 3287 1157 3296 -
1184 3257 1289 3310 lusulls

144 3345 185 3398 Sl.
204 3341 354 3413 Domingo,
381 3347 569 3416 Guadalupae
589 3356 617 3400 et
635 3344 774 3399 Marianis
794 3351 821 3410 l;
849 3345 989 3400 Perusiae
1008 3354 1035 3400 et
1053 3344 1171 3413 imperio
1190 3345 1286 3398 Meni-

142 3449 212 3488 cauo
224 3441 256 3501 ῦς
276 3436 567 3505 imperioMexicauo,
586 3435 677 3489 levae
694 3434 897 3488 ethustrasiae
917 3433 1018 3486 insulis
1038 3437 1070 3498 l,
1091 3433 1286 3489 Promontorio

143 3523 239 3578 Bonae
265 3524 334 3593 Spei
365 3531 394 3577 et
413 3525 497 3579 Asiae
527 3524 683 3579 continenti
711 3527 740 3587 l;
775 3523 881 3576 insulis
907 3521 1083 3576 Maseareuls
1110 3525 1141 3584 l;
1171 3521 1285 3575 Insulae

140 3611 229 3666 iaaac
247 3618 274 3667 2.
312 3611 411 3667 Indiae
430 3613 615 3667 occidentalis
635 3611 740 3666 insulis
759 3613 886 3680 leubae,
906 3612 1067 3675 Jamaicae,
1087 3611 1283 3680 Gnadalupae,

141 3699 317 3766 Martiuicae,
338 3701 515 3768 Barhadoes,
534 3703 576 3758 St.
600 3701 751 3769 Dominae,
770 3700 926 3766 Trinitatis,
947 3701 990 3754 St.
1011 3699 1213 3770 christophori,
1240 3701 1283 3754 St.

141 3789 249 3855 Crucis,
268 3790 476 3856 scvineenui,
490 3793 674 3856 St'lhomae,
689 3789 891 3858 Stlohaunis)
910 3789 938 3843 iu
954 3789 1115 3844 uniuersum
1125 3793 1161 3844 68
1172 3790 1282 3858 species

139 3893 198 3932 esse
211 3879 335 3943 invenio,
354 3895 473 3950 quarum
495 3886 528 3935 14
546 3881 610 3934 aliis
628 3879 711 3934 terris
729 3893 893 3934 communes
910 3885 976 3931 sunt
987 3883 1023 3932 42
1037 3884 1130 3932 autem
1141 3877 1280 3948 propriae.

139 3966 307 4021 Gommarws
318 3975 385 4022 snut
396 3969 534 4024 Brasiliae
549 3976 577 4023 et
588 3968 756 4032 Gaianae&
772 3967 912 4021 Brasiliae
922 3975 950 4022 et
963 3966 1080 4036 imperio
1089 3969 1242 4024 blaxicauo
1255 3975 1279 4031 l;

138 4054 253 4123 imperio
264 4057 419 4114 Maxicano
433 4064 463 4126 1;
482 4059 620 4114 Brasiliae
631 4067 660 4114 et
673 4060 787 4113 lnsulae
796 4057 906 4111 Owaihi
923 4064 947 4123 l;
967 4059 1106 4113 Brasiliaa
1122 4063 1150 4112 ut
1163 4055 1278 4110 Insulae

136 4141 224 4196 larse
252 4147 284 4209 l;
314 4145 417 4200 lusnlis
438 4145 616 4202 Mascareuis
635 4153 668 4213 l;
693 4146 890 4202 Promontorio
911 4148 1008 4202 Bonae
1028 4148 1095 4217 Spei
1121 4154 1149 4202 et
1173 4147 1278 4202 lusulis

137 4229 274 4286 Marianis
293 4237 317 4286 1.
355 4233 392 4289 Et
415 4235 553 4305 plurimae
578 4237 692 4307 qnidam
718 4239 828 4306 species
852 4238 911 4306 (18)
935 4239 971 4290 ad
997 4240 1066 4294 haec
1090 4254 1179 4308 amne
1201 4247 1274 4292 tenr-

136 4336 201 4388 pora
225 4323 360 4378 inventae
385 4332 453 4379 suut
477 4325 506 4379 iu
533 4327 632 4382 Insula
655 4327 698 4381 St.
718 4325 928 4396 Christcphori,
958 4344 1016 4382 rer.
1037 4325 1172 4381 Brentelii
1197 4342 1275 4389 cura,

135 4425 251 4480 quaram
282 4417 315 4466 12
337 4415 470 4483 propriae
497 4422 563 4470 saut
588 4415 636 4471 isti
661 4417 787 4480 iusnlae;
821 4430 858 4470 ex
885 4415 983 4470 Insula
1010 4417 1054 4472 St.
1072 4412 1216 4469 vincentii
1243 4419 1275 4468 ra

134 4499 240 4567 speclea
267 4501 404 4559 habemus
439 4510 468 4557 et
490 4505 562 4560 iuter
586 4521 636 4560 eas
665 4509 675 4558 1
705 4504 793 4582 solam
819 4504 935 4576 reliquia
959 4506 1059 4562 insulis
1082 4518 1274 4582 commanem
